,day,timestamp,product,bid_price_1,bid_volume_1,bid_price_2,bid_volume_2,bid_price_3,bid_volume_3,ask_price_1,ask_volume_1,ask_price_2,ask_volume_2,ask_price_3,ask_volume_3,mid_price
0,-1,0,PEARLS,10002,1,9996.0,2.0,9995.0,29.0,10004,2,10005.0,29.0,,,10003.0
1,-1,0,BANANAS,4951,1,4946.0,2.0,4945.0,29.0,4952,31,,,,,4951.5
2,-1,100,PEARLS,9996,2,9995.0,22.0,,,10004,2,10005.0,22.0,,,10000.0
3,-1,100,BANANAS,4945,24,,,,,4952,24,,,,,4948.5
4,-1,200,BANANAS,4945,20,,,,,4952,20,,,,,4948.5
5,-1,200,PEARLS,9995,20,,,,,10005,20,,,,,10000.0
6,-1,300,PEARLS,9996,2,9995.0,29.0,,,10004,2,10005.0,29.0,,,10000.0
7,-1,300,BANANAS,4945,31,,,,,4952,31,,,,,4948.5
8,-1,400,PEARLS,9996,2,9995.0,25.0,,,10004,2,10005.0,25.0,,,10000.0
9,-1,400,BANANAS,4945,27,,,,,4952,27,,,,,4948.5
10,-1,500,PEARLS,9995,30,,,,,10002,4,10005.0,30.0,,,9998.5
11,-1,500,BANANAS,4945,30,,,,,4950,4,4952.0,30.0,,,4947.5
12,-1,600,BANANAS,4945,25,,,,,4952,25,,,,,4948.5
13,-1,600,PEARLS,10000,5,9995.0,25.0,,,10005,25,,,,,10002.5
14,-1,700,PEARLS,9995,23,,,,,10005,23,,,,,10000.0
15,-1,700,BANANAS,4945,23,,,,,4952,23,,,,,4948.5
16,-1,800,PEARLS,9996,1,9995.0,29.0,,,10004,1,10005.0,29.0,,,10000.0
17,-1,800,BANANAS,4944,30,,,,,4951,30,,,,,4947.5
18,-1,900,BANANAS,4944,1,4943.0,22.0,,,4950,23,,,,,4947.0
19,-1,900,PEARLS,9996,1,9995.0,22.0,,,10004,1,10005.0,22.0,,,10000.0
20,-1,1000,BANANAS,4944,26,,,,,4951,26,,,,,4947.5
21,-1,1000,PEARLS,9995,26,,,,,10005,26,,,,,10000.0
22,-1,1100,BANANAS,4944,26,,,,,4950,2,4951.0,24.0,,,4947.0
23,-1,1100,PEARLS,9996,2,9995.0,24.0,,,10004,2,10005.0,24.0,,,10000.0
24,-1,1200,PEARLS,9995,21,,,,,9998,1,10005.0,21.0,,,9996.5
25,-1,1200,BANANAS,4944,21,,,,,4951,21,,,,,4947.5
26,-1,1300,PEARLS,10002,1,9996.0,1.0,9995.0,30.0,10004,1,10005.0,30.0,,,10003.0
27,-1,1300,BANANAS,4944,31,,,,,4951,31,,,,,4947.5
28,-1,1400,BANANAS,4945,26,,,,,4951,1,4952.0,25.0,,,4948.0
29,-1,1400,PEARLS,9996,1,9995.0,25.0,,,10004,1,10005.0,25.0,,,10000.0
30,-1,1500,PEARLS,9995,27,,,,,10005,27,,,,,10000.0
31,-1,1500,BANANAS,4944,27,,,,,4951,27,,,,,4947.5
32,-1,1600,PEARLS,9995,29,,,,,10005,29,,,,,10000.0
33,-1,1600,BANANAS,4945,29,,,,,4952,29,,,,,4948.5
34,-1,1700,PEARLS,9996,2,9995.0,20.0,,,10002,1,10004.0,2.0,10005.0,20.0,9999.0
35,-1,1700,BANANAS,4946,2,4945.0,20.0,,,4950,2,4952.0,22.0,,,4948.0
36,-1,1800,BANANAS,4946,1,4945.0,22.0,,,4952,23,,,,,4949.0
37,-1,1800,PEARLS,10002,1,9996.0,1.0,9995.0,22.0,10004,1,10005.0,22.0,,,10003.0
38,-1,1900,PEARLS,9996,1,9995.0,28.0,,,10004,1,10005.0,28.0,,,10000.0
39,-1,1900,BANANAS,4950,1,4945.0,29.0,,,4952,29,,,,,4951.0
40,-1,2000,PEARLS,9996,2,9995.0,24.0,,,9998,1,10004.0,2.0,10005.0,24.0,9997.0
41,-1,2000,BANANAS,4945,26,,,,,4951,2,4952.0,24.0,,,4948.0
42,-1,2100,PEARLS,9996,2,9995.0,25.0,,,10002,3,10004.0,2.0,10005.0,25.0,9999.0
43,-1,2100,BANANAS,4945,27,,,,,4950,3,4952.0,27.0,,,4947.5
44,-1,2200,BANANAS,4946,8,4945.0,25.0,,,4952,25,,,,,4949.0
45,-1,2200,PEARLS,9998,8,9996.0,1.0,9995.0,24.0,10004,1,10005.0,24.0,,,10001.0
46,-1,2300,PEARLS,9998,7,9996.0,2.0,9995.0,30.0,10004,2,10005.0,30.0,,,10001.0
47,-1,2300,BANANAS,4946,9,4945.0,30.0,,,4952,32,,,,,4949.0
48,-1,2400,PEARLS,9995,29,,,,,10005,29,,,,,10000.0
49,-1,2400,BANANAS,4950,3,4947.0,29.0,,,4954,29,,,,,4952.0
50,-1,2500,BANANAS,4947,1,4946.0,22.0,,,4949,2,4953.0,23.0,,,4948.0
51,-1,2500,PEARLS,9996,1,9995.0,22.0,,,10004,1,10005.0,22.0,,,10000.0
52,-1,2600,BANANAS,4946,23,,,,,4953,23,,,,,4949.5
53,-1,2600,PEARLS,9995,23,,,,,10005,23,,,,,10000.0
54,-1,2700,BANANAS,4947,6,4946.0,26.0,,,4953,26,,,,,4950.0
55,-1,2700,PEARLS,9998,6,9995.0,26.0,,,10005,26,,,,,10001.5
56,-1,2800,PEARLS,9995,25,,,,,10005,25,,,,,10000.0
57,-1,2800,BANANAS,4946,25,,,,,4953,25,,,,,4949.5
58,-1,2900,BANANAS,4946,26,,,,,4953,26,,,,,4949.5
59,-1,2900,PEARLS,9996,1,9995.0,25.0,,,10004,1,10005.0,25.0,,,10000.0
60,-1,3000,BANANAS,4947,1,4946.0,26.0,,,4953,26,,,,,4950.0
61,-1,3000,PEARLS,9998,1,9995.0,26.0,,,10005,26,,,,,10001.5
62,-1,3100,BANANAS,4947,26,,,,,4953,2,4954.0,24.0,,,4950.0
63,-1,3100,PEARLS,9996,2,9995.0,24.0,,,10004,2,10005.0,24.0,,,10000.0
64,-1,3200,PEARLS,9996,1,9995.0,22.0,,,10004,1,10005.0,22.0,,,10000.0
65,-1,3200,BANANAS,4947,1,4946.0,22.0,,,4953,23,,,,,4950.0
66,-1,3300,BANANAS,4946,32,,,,,4953,32,,,,,4949.5
67,-1,3300,PEARLS,9996,2,9995.0,30.0,,,10004,2,10005.0,30.0,,,10000.0
68,-1,3400,BANANAS,4946,26,,,,,4953,26,,,,,4949.5
69,-1,3400,PEARLS,9996,2,9995.0,24.0,,,10004,2,10005.0,24.0,,,10000.0
70,-1,3500,BANANAS,4946,26,,,,,4953,26,,,,,4949.5
71,-1,3500,PEARLS,9995,26,,,,,10005,26,,,,,10000.0
72,-1,3600,PEARLS,9995,21,,,,,9998,4,10005.0,21.0,,,9996.5
73,-1,3600,BANANAS,4947,21,,,,,4954,21,,,,,4950.5
74,-1,3700,BANANAS,4947,24,,,,,4953,1,4954.0,23.0,,,4950.0
75,-1,3700,PEARLS,10002,1,9996.0,1.0,9995.0,23.0,10004,1,10005.0,23.0,,,10003.0
76,-1,3800,BANANAS,4947,25,,,,,4952,10,4953.0,2.0,4954.0,23.0,4949.5
77,-1,3800,PEARLS,9996,2,9995.0,23.0,,,10002,10,10004.0,2.0,10005.0,23.0,9999.0
78,-1,3900,BANANAS,4948,1,4947.0,26.0,,,4953,1,4954.0,25.0,,,4950.5
79,-1,3900,PEARLS,9998,1,9996.0,1.0,9995.0,25.0,10004,1,10005.0,25.0,,,10001.0
80,-1,4000,PEARLS,9996,2,9995.0,30.0,,,10004,2,10005.0,30.0,,,10000.0
81,-1,4000,BANANAS,4947,32,,,,,4953,2,4954.0,30.0,,,4950.0
82,-1,4100,BANANAS,4946,29,,,,,4953,29,,,,,4949.5
83,-1,4100,PEARLS,9996,2,9995.0,27.0,,,10004,2,10005.0,27.0,,,10000.0
84,-1,4200,BANANAS,4946,26,,,,,4951,4,4953.0,26.0,,,4948.5
85,-1,4200,PEARLS,9996,2,9995.0,24.0,,,10002,4,10004.0,2.0,10005.0,24.0,9999.0
86,-1,4300,BANANAS,4951,1,4946.0,22.0,,,4953,22,,,,,4952.0
87,-1,4300,PEARLS,9995,22,,,,,9998,1,10000.0,6.0,10005.0,22.0,9996.5
88,-1,4400,PEARLS,9995,30,,,,,10005,30,,,,,10000.0
89,-1,4400,BANANAS,4946,30,,,,,4953,30,,,,,4949.5
90,-1,4500,BANANAS,4946,28,,,,,4951,10,4953.0,29.0,,,4948.5
91,-1,4500,PEARLS,9996,1,9995.0,28.0,,,10002,10,10004.0,1.0,10005.0,28.0,9999.0
92,-1,4600,BANANAS,4946,30,,,,,4951,10,4953.0,30.0,,,4948.5
93,-1,4600,PEARLS,9996,1,9995.0,29.0,,,10002,10,10004.0,1.0,10005.0,29.0,9999.0
94,-1,4700,BANANAS,4946,32,,,,,4952,2,4953.0,30.0,,,4949.0
95,-1,4700,PEARLS,9996,2,9995.0,30.0,,,10004,2,10005.0,30.0,,,10000.0
96,-1,4800,PEARLS,9998,6,9996.0,2.0,9995.0,22.0,10004,2,10005.0,22.0,,,10001.0
97,-1,4800,BANANAS,4947,6,4946.0,24.0,,,4952,2,4953.0,22.0,,,4949.5
98,-1,4900,BANANAS,4946,22,,,,,4950,7,4952.0,22.0,,,4948.0
99,-1,4900,PEARLS,9995,22,,,,,10002,7,10005.0,22.0,,,9998.5
100,-1,5000,BANANAS,4947,5,4946.0,28.0,,,4953,30,,,,,4950.0
101,-1,5000,PEARLS,9998,3,9996.0,2.0,9995.0,28.0,10004,2,10005.0,28.0,,,10001.0
102,-1,5100,BANANAS,4947,1,4946.0,30.0,,,4953,31,,,,,4950.0
103,-1,5100,PEARLS,9996,1,9995.0,30.0,,,10004,1,10005.0,30.0,,,10000.0
104,-1,5200,PEARLS,9998,9,9996.0,1.0,9995.0,26.0,10004,1,10005.0,26.0,,,10001.0
105,-1,5200,BANANAS,4947,10,4946.0,26.0,,,4953,27,,,,,4950.0
106,-1,5300,PEARLS,9996,1,9995.0,20.0,,,10004,1,10005.0,20.0,,,10000.0
107,-1,5300,BANANAS,4952,1,4947.0,21.0,,,4953,1,4954.0,20.0,,,4952.5
108,-1,5400,BANANAS,4947,21,,,,,4954,21,,,,,4950.5
109,-1,5400,PEARLS,9995,21,,,,,10005,21,,,,,10000.0
110,-1,5500,BANANAS,4947,27,,,,,4954,27,,,,,4950.5
111,-1,5500,PEARLS,9995,27,,,,,10005,27,,,,,10000.0
112,-1,5600,BANANAS,4946,28,,,,,4953,28,,,,,4949.5
113,-1,5600,PEARLS,9995,28,,,,,10005,28,,,,,10000.0
114,-1,5700,PEARLS,9998,2,9995.0,27.0,,,10005,27,,,,,10001.5
115,-1,5700,BANANAS,4948,1,4947.0,27.0,,,4954,27,,,,,4951.0
116,-1,5800,PEARLS,9996,1,9995.0,30.0,,,10004,1,10005.0,30.0,,,10000.0
117,-1,5800,BANANAS,4947,31,,,,,4954,31,,,,,4950.5
118,-1,5900,BANANAS,4947,30,,,,,4954,30,,,,,4950.5
119,-1,5900,PEARLS,9996,2,9995.0,28.0,,,10004,2,10005.0,28.0,,,10000.0
120,-1,6000,PEARLS,9995,30,,,,,10005,30,,,,,10000.0
121,-1,6000,BANANAS,4947,30,,,,,4954,30,,,,,4950.5
122,-1,6100,PEARLS,9996,1,9995.0,24.0,,,10004,1,10005.0,24.0,,,10000.0
123,-1,6100,BANANAS,4947,25,,,,,4948,1,4954.0,25.0,,,4947.5
124,-1,6200,PEARLS,9996,1,9995.0,21.0,,,10004,1,10005.0,21.0,,,10000.0
125,-1,6200,BANANAS,4947,22,,,,,4954,22,,,,,4950.5
126,-1,6300,BANANAS,4947,25,,,,,4954,25,,,,,4950.5
127,-1,6300,PEARLS,9996,2,9995.0,23.0,,,10004,2,10005.0,23.0,,,10000.0
128,-1,6400,PEARLS,9996,1,9995.0,24.0,,,10004,1,10005.0,24.0,,,10000.0
129,-1,6400,BANANAS,4948,1,4947.0,24.0,,,4954,25,,,,,4951.0
130,-1,6500,PEARLS,9996,1,9995.0,26.0,,,9998,1,10004.0,1.0,10005.0,26.0,9997.0
131,-1,6500,BANANAS,4948,1,4947.0,26.0,,,4954,27,,,,,4951.0
132,-1,6600,PEARLS,9996,2,9995.0,24.0,,,10004,2,10005.0,24.0,,,10000.0
133,-1,6600,BANANAS,4948,26,,,,,4955,26,,,,,4951.5
134,-1,6700,BANANAS,4948,20,,,,,4953,6,4955.0,20.0,,,4950.5
135,-1,6700,PEARLS,9995,20,,,,,10002,3,10005.0,20.0,,,9998.5
136,-1,6800,BANANAS,4947,32,,,,,4954,32,,,,,4950.5
137,-1,6800,PEARLS,9996,2,9995.0,30.0,,,10004,2,10005.0,30.0,,,10000.0
138,-1,6900,PEARLS,9996,1,9995.0,26.0,,,10002,5,10004.0,1.0,10005.0,26.0,9999.0
139,-1,6900,BANANAS,4950,4,4947.0,27.0,,,4952,5,4954.0,27.0,,,4951.0
140,-1,7000,PEARLS,9998,2,9995.0,27.0,,,10005,27,,,,,10001.5
141,-1,7000,BANANAS,4948,2,4947.0,27.0,,,4954,27,,,,,4951.0
142,-1,7100,PEARLS,9996,1,9995.0,29.0,,,10004,1,10005.0,29.0,,,10000.0
143,-1,7100,BANANAS,4947,30,,,,,4954,30,,,,,4950.5
144,-1,7200,BANANAS,4948,5,4947.0,28.0,,,4954,28,,,,,4951.0
145,-1,7200,PEARLS,9998,5,9996.0,1.0,9995.0,27.0,10004,1,10005.0,27.0,,,10001.0
146,-1,7300,PEARLS,10002,1,9996.0,2.0,9995.0,29.0,10004,2,10005.0,29.0,,,10003.0
147,-1,7300,BANANAS,4947,31,,,,,4954,31,,,,,4950.5
148,-1,7400,PEARLS,9996,1,9995.0,22.0,,,10004,1,10005.0,22.0,,,10000.0
149,-1,7400,BANANAS,4947,22,,,,,4953,1,4954.0,22.0,,,4950.0
150,-1,7500,PEARLS,9995,25,,,,,10002,10,10005.0,25.0,,,9998.5
151,-1,7500,BANANAS,4947,25,,,,,4952,10,4953.0,25.0,,,4949.5
152,-1,7600,BANANAS,4946,22,,,,,4953,22,,,,,4949.5
153,-1,7600,PEARLS,9996,2,9995.0,20.0,,,10004,2,10005.0,20.0,,,10000.0
154,-1,7700,PEARLS,9995,22,,,,,10005,22,,,,,10000.0
155,-1,7700,BANANAS,4945,22,,,,,4946,1,4952.0,22.0,,,4945.5
156,-1,7800,PEARLS,9998,3,9996.0,1.0,9995.0,22.0,10004,1,10005.0,22.0,,,10001.0
157,-1,7800,BANANAS,4947,3,4946.0,23.0,,,4952,1,4953.0,22.0,,,4949.5
158,-1,7900,PEARLS,9996,1,9995.0,26.0,,,10004,1,10005.0,26.0,,,10000.0
159,-1,7900,BANANAS,4946,1,4945.0,26.0,,,4952,27,,,,,4949.0
160,-1,8000,BANANAS,4945,27,,,,,4952,27,,,,,4948.5
161,-1,8000,PEARLS,9995,27,,,,,10005,27,,,,,10000.0
162,-1,8100,PEARLS,9996,1,9995.0,22.0,,,10004,1,10005.0,22.0,,,10000.0
163,-1,8100,BANANAS,4945,23,,,,,4952,23,,,,,4948.5
164,-1,8200,PEARLS,9995,23,,,,,10005,23,,,,,10000.0
165,-1,8200,BANANAS,4948,4,4945.0,23.0,,,4952,23,,,,,4950.0
166,-1,8300,PEARLS,9996,1,9995.0,29.0,,,10004,1,10005.0,29.0,,,10000.0
167,-1,8300,BANANAS,4945,30,,,,,4952,30,,,,,4948.5
168,-1,8400,BANANAS,4945,28,,,,,4951,28,,,,,4948.0
169,-1,8400,PEARLS,9995,28,,,,,10005,28,,,,,10000.0
170,-1,8500,PEARLS,9998,10,9996.0,2.0,9995.0,29.0,10004,2,10005.0,29.0,,,10001.0
171,-1,8500,BANANAS,4945,10,4944.0,31.0,,,4951,31,,,,,4948.0
172,-1,8600,PEARLS,9996,1,9995.0,22.0,,,10004,1,10005.0,22.0,,,10000.0
173,-1,8600,BANANAS,4944,22,,,,,4951,23,,,,,4947.5
174,-1,8700,PEARLS,9998,10,9995.0,27.0,,,10005,27,,,,,10001.5
175,-1,8700,BANANAS,4946,10,4945.0,27.0,,,4948,6,4952.0,27.0,,,4947.0
176,-1,8800,BANANAS,4945,25,,,,,4948,1,4952.0,25.0,,,4946.5
177,-1,8800,PEARLS,9995,25,,,,,9998,1,10005.0,25.0,,,9996.5
178,-1,8900,PEARLS,9998,9,9995.0,26.0,,,10005,26,,,,,10001.5
179,-1,8900,BANANAS,4946,9,4945.0,26.0,,,4952,26,,,,,4949.0
180,-1,9000,PEARLS,9996,2,9995.0,29.0,,,10004,2,10005.0,29.0,,,10000.0
181,-1,9000,BANANAS,4945,31,,,,,4952,31,,,,,4948.5
182,-1,9100,PEARLS,9998,3,9996.0,2.0,9995.0,27.0,10004,2,10005.0,27.0,,,10001.0
183,-1,9100,BANANAS,4947,3,4946.0,29.0,,,4952,2,4953.0,27.0,,,4949.5
184,-1,9200,BANANAS,4951,1,4946.0,10.0,4945.0,27.0,4952,27,,,,,4951.5
185,-1,9200,PEARLS,9998,10,9995.0,27.0,,,10005,27,,,,,10001.5
186,-1,9300,PEARLS,9996,1,9995.0,20.0,,,10004,1,10005.0,20.0,,,10000.0
187,-1,9300,BANANAS,4946,1,4945.0,20.0,,,4952,21,,,,,4949.0
188,-1,9400,PEARLS,9998,2,9996.0,2.0,9995.0,21.0,10004,2,10005.0,21.0,,,10001.0
189,-1,9400,BANANAS,4947,2,4946.0,23.0,,,4952,23,,,,,4949.5
190,-1,9500,PEARLS,9996,1,9995.0,30.0,,,10004,1,10005.0,30.0,,,10000.0
191,-1,9500,BANANAS,4946,1,4945.0,30.0,,,4952,31,,,,,4949.0
192,-1,9600,BANANAS,4945,31,,,,,4952,31,,,,,4948.5
193,-1,9600,PEARLS,9996,1,9995.0,30.0,,,10004,1,10005.0,30.0,,,10000.0
194,-1,9700,PEARLS,9995,22,,,,,10002,1,10005.0,22.0,,,9998.5
195,-1,9700,BANANAS,4945,22,,,,,4950,1,4952.0,22.0,,,4947.5
196,-1,9800,PEARLS,9995,26,,,,,10005,26,,,,,10000.0
197,-1,9800,BANANAS,4945,26,,,,,4952,26,,,,,4948.5
198,-1,9900,BANANAS,4945,25,,,,,4952,25,,,,,4948.5
199,-1,9900,PEARLS,9995,25,,,,,10005,25,,,,,10000.0
200,-1,10000,BANANAS,4945,28,,,,,4952,28,,,,,4948.5
201,-1,10000,PEARLS,9995,28,,,,,10005,28,,,,,10000.0
202,-1,10100,BANANAS,4946,1,4945.0,24.0,,,4950,3,4952.0,25.0,,,4948.0
203,-1,10100,PEARLS,9996,1,9995.0,24.0,,,10002,3,10004.0,1.0,10005.0,24.0,9999.0
204,-1,10200,PEARLS,9996,2,9995.0,26.0,,,10004,2,10005.0,26.0,,,10000.0
205,-1,10200,BANANAS,4946,28,,,,,4952,2,4953.0,26.0,,,4949.0
206,-1,10300,PEARLS,9998,4,9995.0,27.0,,,10005,27,,,,,10001.5
207,-1,10300,BANANAS,4946,5,4945.0,27.0,,,4948,1,4952.0,27.0,,,4947.0
208,-1,10400,BANANAS,4946,29,,,,,4953,29,,,,,4949.5
209,-1,10400,PEARLS,10002,1,9996.0,1.0,9995.0,28.0,10004,1,10005.0,28.0,,,10003.0
210,-1,10500,PEARLS,9998,4,9996.0,2.0,9995.0,29.0,10004,2,10005.0,29.0,,,10001.0
211,-1,10500,BANANAS,4946,4,4945.0,31.0,,,4952,31,,,,,4949.0
212,-1,10600,PEARLS,9996,2,9995.0,29.0,,,10000,4,10004.0,2.0,10005.0,29.0,9998.0
213,-1,10600,BANANAS,4945,31,,,,,4952,31,,,,,4948.5
214,-1,10700,PEARLS,9998,8,9995.0,28.0,,,10005,28,,,,,10001.5
215,-1,10700,BANANAS,4946,8,4945.0,28.0,,,4952,28,,,,,4949.0
216,-1,10800,BANANAS,4947,5,4946.0,24.0,,,4953,24,,,,,4950.0
217,-1,10800,PEARLS,9998,5,9996.0,2.0,9995.0,22.0,10004,2,10005.0,22.0,,,10001.0
218,-1,10900,PEARLS,9996,1,9995.0,27.0,,,10004,1,10005.0,27.0,,,10000.0
219,-1,10900,BANANAS,4947,1,4946.0,27.0,,,4953,28,,,,,4950.0
220,-1,11000,PEARLS,9995,24,,,,,10002,7,10005.0,24.0,,,9998.5
221,-1,11000,BANANAS,4946,24,,,,,4951,7,4953.0,24.0,,,4948.5
222,-1,11100,PEARLS,9998,3,9995.0,21.0,,,10005,21,,,,,10001.5
223,-1,11100,BANANAS,4947,3,4946.0,21.0,,,4953,21,,,,,4950.0
224,-1,11200,BANANAS,4946,23,,,,,4951,7,4952.0,2.0,4953.0,21.0,4948.5
225,-1,11200,PEARLS,9996,2,9995.0,21.0,,,10002,7,10004.0,2.0,10005.0,21.0,9999.0
226,-1,11300,BANANAS,4948,4,4945.0,22.0,,,4952,22,,,,,4950.0
227,-1,11300,PEARLS,9996,1,9995.0,21.0,,,10004,1,10005.0,21.0,,,10000.0
228,-1,11400,PEARLS,9996,1,9995.0,25.0,,,10004,1,10005.0,25.0,,,10000.0
229,-1,11400,BANANAS,4945,26,,,,,4951,1,4952.0,25.0,,,4948.0
230,-1,11500,BANANAS,4945,1,4944.0,25.0,,,4949,9,4951.0,26.0,,,4947.0
231,-1,11500,PEARLS,9996,1,9995.0,25.0,,,10002,7,10004.0,1.0,10005.0,25.0,9999.0
232,-1,11600,BANANAS,4944,29,,,,,4949,2,4951.0,29.0,,,4946.5
233,-1,11600,PEARLS,9996,2,9995.0,27.0,,,10002,2,10004.0,2.0,10005.0,27.0,9999.0
234,-1,11700,BANANAS,4944,23,,,,,4951,23,,,,,4947.5
235,-1,11700,PEARLS,9996,2,9995.0,21.0,,,10004,2,10005.0,21.0,,,10000.0
236,-1,11800,PEARLS,9998,10,9995.0,29.0,,,10000,5,10005.0,29.0,,,9999.0
237,-1,11800,BANANAS,4950,1,4945.0,10.0,4944.0,29.0,4951,29,,,,,4950.5
238,-1,11900,BANANAS,4944,32,,,,,4950,2,4951.0,30.0,,,4947.0
239,-1,11900,PEARLS,9996,2,9995.0,30.0,,,10004,2,10005.0,30.0,,,10000.0
240,-1,12000,BANANAS,4943,20,,,,,4950,20,,,,,4946.5
241,-1,12000,PEARLS,10002,1,9995.0,20.0,,,10005,20,,,,,10003.5
242,-1,12100,BANANAS,4943,27,,,,,4949,2,4950.0,25.0,,,4946.0
243,-1,12100,PEARLS,9996,2,9995.0,25.0,,,10004,2,10005.0,25.0,,,10000.0
244,-1,12200,PEARLS,9996,2,9995.0,28.0,,,10004,2,10005.0,28.0,,,10000.0
245,-1,12200,BANANAS,4943,30,,,,,4950,30,,,,,4946.5
246,-1,12300,BANANAS,4944,6,4943.0,29.0,,,4950,29,,,,,4947.0
247,-1,12300,PEARLS,9998,6,9996.0,1.0,9995.0,28.0,10004,1,10005.0,28.0,,,10001.0
248,-1,12400,BANANAS,4943,26,,,,,4950,26,,,,,4946.5
249,-1,12400,PEARLS,9995,26,,,,,10005,26,,,,,10000.0
250,-1,12500,BANANAS,4943,19,,,,,4950,20,,,,,4946.5
251,-1,12500,PEARLS,9995,20,,,,,10005,20,,,,,10000.0
252,-1,12600,PEARLS,9995,22,,,,,10005,22,,,,,10000.0
253,-1,12600,BANANAS,4943,22,,,,,4949,22,,,,,4946.0
254,-1,12700,BANANAS,4943,22,,,,,4950,22,,,,,4946.5
255,-1,12700,PEARLS,9996,2,9995.0,20.0,,,10004,2,10005.0,20.0,,,10000.0
256,-1,12800,BANANAS,4943,22,,,,,4950,22,,,,,4946.5
257,-1,12800,PEARLS,9996,2,9995.0,20.0,,,10004,2,10005.0,20.0,,,10000.0
258,-1,12900,BANANAS,4944,29,,,,,4948,3,4950.0,29.0,,,4946.0
259,-1,12900,PEARLS,9996,1,9995.0,28.0,,,10002,3,10004.0,1.0,10005.0,28.0,9999.0
260,-1,13000,PEARLS,10002,1,9995.0,20.0,,,10005,20,,,,,10003.5
261,-1,13000,BANANAS,4949,1,4943.0,20.0,,,4950,20,,,,,4949.5
262,-1,13100,BANANAS,4944,26,,,,,4950,1,4951.0,25.0,,,4947.0
263,-1,13100,PEARLS,9996,1,9995.0,25.0,,,10004,1,10005.0,25.0,,,10000.0
264,-1,13200,BANANAS,4944,4,4943.0,22.0,,,4950,22,,,,,4947.0
265,-1,13200,PEARLS,9998,2,9995.0,22.0,,,10005,22,,,,,10001.5
266,-1,13300,BANANAS,4944,24,,,,,4951,24,,,,,4947.5
267,-1,13300,PEARLS,9995,24,,,,,10005,24,,,,,10000.0
268,-1,13400,PEARLS,9996,2,9995.0,30.0,,,10004,2,10005.0,30.0,,,10000.0
269,-1,13400,BANANAS,4944,32,,,,,4950,2,4951.0,30.0,,,4947.0
270,-1,13500,BANANAS,4944,30,,,,,4951,30,,,,,4947.5
271,-1,13500,PEARLS,9995,30,,,,,10005,30,,,,,10000.0
272,-1,13600,BANANAS,4944,24,,,,,4949,10,4951.0,25.0,,,4946.5
273,-1,13600,PEARLS,9995,25,,,,,10002,10,10005.0,25.0,,,9998.5
274,-1,13700,BANANAS,4944,21,,,,,4951,21,,,,,4947.5
275,-1,13700,PEARLS,9996,1,9995.0,20.0,,,9998,4,10004.0,1.0,10005.0,20.0,9997.0
276,-1,13800,PEARLS,9996,2,9995.0,20.0,,,10004,2,10005.0,20.0,,,10000.0
277,-1,13800,BANANAS,4943,22,,,,,4950,22,,,,,4946.5
278,-1,13900,BANANAS,4943,2,4942.0,20.0,,,4949,22,,,,,4946.0
279,-1,13900,PEARLS,9996,2,9995.0,20.0,,,10000,6,10004.0,2.0,10005.0,20.0,9998.0
280,-1,14000,BANANAS,4947,2,4943.0,7.0,4942.0,27.0,4949,29,,,,,4948.0
281,-1,14000,PEARLS,9998,5,9996.0,2.0,9995.0,27.0,10004,2,10005.0,27.0,,,10001.0
282,-1,14100,BANANAS,4942,25,,,,,4949,25,,,,,4945.5
283,-1,14100,PEARLS,9996,2,9995.0,23.0,,,10004,2,10005.0,23.0,,,10000.0
284,-1,14200,BANANAS,4942,20,,,,,4949,21,,,,,4945.5
285,-1,14200,PEARLS,9995,21,,,,,10005,21,,,,,10000.0
286,-1,14300,PEARLS,9996,2,9995.0,27.0,,,10004,2,10005.0,27.0,,,10000.0
287,-1,14300,BANANAS,4943,29,,,,,4949,2,4950.0,27.0,,,4946.0
288,-1,14400,BANANAS,4942,30,,,,,4949,30,,,,,4945.5
289,-1,14400,PEARLS,9996,1,9995.0,29.0,,,10004,1,10005.0,29.0,,,10000.0
290,-1,14500,BANANAS,4943,24,,,,,4948,1,4950.0,24.0,,,4945.5
291,-1,14500,PEARLS,9995,24,,,,,10002,1,10005.0,24.0,,,9998.5
292,-1,14600,PEARLS,9996,2,9995.0,26.0,,,10000,2,10004.0,2.0,10005.0,26.0,9998.0
293,-1,14600,BANANAS,4943,2,4942.0,26.0,,,4949,28,,,,,4946.0
294,-1,14700,PEARLS,9995,30,,,,,10002,7,10005.0,30.0,,,9998.5
295,-1,14700,BANANAS,4942,30,,,,,4947,7,4949.0,30.0,,,4944.5
296,-1,14800,PEARLS,9995,28,,,,,10002,6,10005.0,28.0,,,9998.5
297,-1,14800,BANANAS,4942,28,,,,,4947,6,4949.0,28.0,,,4944.5
298,-1,14900,BANANAS,4942,26,,,,,4949,26,,,,,4945.5
299,-1,14900,PEARLS,10000,4,9995.0,26.0,,,10005,26,,,,,10002.5
300,-1,15000,PEARLS,9998,1,9995.0,25.0,,,10005,25,,,,,10001.5
301,-1,15000,BANANAS,4943,1,4942.0,25.0,,,4949,25,,,,,4946.0
302,-1,15100,PEARLS,9995,22,,,,,10005,22,,,,,10000.0
303,-1,15100,BANANAS,4942,22,,,,,4949,22,,,,,4945.5
304,-1,15200,PEARLS,9998,6,9995.0,27.0,,,10005,27,,,,,10001.5
305,-1,15200,BANANAS,4944,5,4943.0,27.0,,,4950,27,,,,,4947.0
306,-1,15300,BANANAS,4942,26,,,,,4947,1,4949.0,26.0,,,4944.5
307,-1,15300,PEARLS,9995,26,,,,,10002,1,10005.0,26.0,,,9998.5
308,-1,15400,PEARLS,9996,2,9995.0,28.0,,,9998,1,10004.0,2.0,10005.0,28.0,9997.0
309,-1,15400,BANANAS,4942,30,,,,,4949,30,,,,,4945.5
310,-1,15500,PEARLS,10002,1,9996.0,2.0,9995.0,29.0,10004,2,10005.0,29.0,,,10003.0
311,-1,15500,BANANAS,4943,2,4942.0,29.0,,,4949,31,,,,,4946.0
312,-1,15600,PEARLS,9996,2,9995.0,24.0,,,10004,2,10005.0,24.0,,,10000.0
313,-1,15600,BANANAS,4943,26,,,,,4950,26,,,,,4946.5
314,-1,15700,PEARLS,10002,5,9996.0,1.0,9995.0,24.0,10004,1,10005.0,24.0,,,10003.0
315,-1,15700,BANANAS,4944,25,,,,,4949,1,4950.0,1.0,4951.0,24.0,4946.5
316,-1,15800,BANANAS,4949,1,4945.0,10.0,4944.0,22.0,4950,2,4951.0,20.0,,,4949.5
317,-1,15800,PEARLS,9998,10,9996.0,2.0,9995.0,20.0,10004,2,10005.0,20.0,,,10001.0
318,-1,15900,PEARLS,9996,2,9995.0,29.0,,,10000,6,10004.0,2.0,10005.0,29.0,9998.0
319,-1,15900,BANANAS,4944,31,,,,,4951,31,,,,,4947.5
320,-1,16000,PEARLS,9996,2,9995.0,27.0,,,10002,6,10004.0,2.0,10005.0,27.0,9999.0
321,-1,16000,BANANAS,4945,29,,,,,4950,6,4951.0,2.0,4952.0,27.0,4947.5
322,-1,16100,PEARLS,9995,21,,,,,10000,2,10002.0,10.0,10005.0,21.0,9997.5
323,-1,16100,BANANAS,4944,21,,,,,4949,10,4951.0,21.0,,,4946.5
324,-1,16200,BANANAS,4950,1,4944.0,24.0,,,4951,24,,,,,4950.5
325,-1,16200,PEARLS,9995,24,,,,,9998,1,10005.0,24.0,,,9996.5
326,-1,16300,PEARLS,9996,1,9995.0,22.0,,,10004,1,10005.0,22.0,,,10000.0
327,-1,16300,BANANAS,4944,23,,,,,4946,2,4951.0,23.0,,,4945.0
328,-1,16400,PEARLS,9996,2,9995.0,30.0,,,10002,3,10004.0,2.0,10005.0,30.0,9999.0
329,-1,16400,BANANAS,4945,2,4944.0,30.0,,,4949,4,4951.0,32.0,,,4947.0
330,-1,16500,PEARLS,9996,2,9995.0,21.0,,,10002,7,10004.0,2.0,10005.0,21.0,9999.0
331,-1,16500,BANANAS,4945,2,4944.0,21.0,,,4949,7,4951.0,23.0,,,4947.0
332,-1,16600,BANANAS,4945,30,,,,,4946,1,4951.0,30.0,,,4945.5
333,-1,16600,PEARLS,9998,4,9996.0,2.0,9995.0,28.0,10004,2,10005.0,28.0,,,10001.0
334,-1,16700,PEARLS,10002,1,9995.0,26.0,,,10005,26,,,,,10003.5
335,-1,16700,BANANAS,4944,26,,,,,4946,4,4951.0,26.0,,,4945.0
336,-1,16800,PEARLS,9995,26,,,,,10005,26,,,,,10000.0
337,-1,16800,BANANAS,4944,26,,,,,4951,26,,,,,4947.5
338,-1,16900,PEARLS,9996,1,9995.0,25.0,,,10004,1,10005.0,25.0,,,10000.0
339,-1,16900,BANANAS,4944,26,,,,,4951,26,,,,,4947.5
340,-1,17000,BANANAS,4945,9,4944.0,29.0,,,4951,29,,,,,4948.0
341,-1,17000,PEARLS,9998,9,9995.0,29.0,,,10005,29,,,,,10001.5
342,-1,17100,PEARLS,9996,2,9995.0,21.0,,,10004,2,10005.0,21.0,,,10000.0
343,-1,17100,BANANAS,4945,2,4944.0,21.0,,,4951,23,,,,,4948.0
344,-1,17200,PEARLS,9998,3,9996.0,2.0,9995.0,22.0,10004,2,10005.0,22.0,,,10001.0
345,-1,17200,BANANAS,4946,3,4945.0,24.0,,,4951,2,4952.0,22.0,,,4948.5
346,-1,17300,PEARLS,9996,2,9995.0,23.0,,,10002,9,10004.0,2.0,10005.0,23.0,9999.0
347,-1,17300,BANANAS,4945,25,,,,,4950,7,4952.0,25.0,,,4947.5
348,-1,17400,BANANAS,4947,7,4946.0,28.0,,,4953,28,,,,,4950.0
349,-1,17400,PEARLS,10000,6,9998.0,7.0,9995.0,28.0,10005,28,,,,,10002.5
350,-1,17500,PEARLS,9995,26,,,,,10005,26,,,,,10000.0
351,-1,17500,BANANAS,4946,26,,,,,4953,26,,,,,4949.5
352,-1,17600,PEARLS,9998,6,9995.0,30.0,,,10005,30,,,,,10001.5
353,-1,17600,BANANAS,4946,6,4945.0,30.0,,,4952,30,,,,,4949.0
354,-1,17700,PEARLS,9996,2,9995.0,27.0,,,10004,2,10005.0,27.0,,,10000.0
355,-1,17700,BANANAS,4950,1,4945.0,29.0,,,4951,2,4952.0,27.0,,,4950.5
356,-1,17800,BANANAS,4945,2,4944.0,24.0,,,4949,5,4951.0,26.0,,,4947.0
357,-1,17800,PEARLS,9996,2,9995.0,24.0,,,10002,5,10004.0,2.0,10005.0,24.0,9999.0
358,-1,17900,PEARLS,9995,23,,,,,10005,23,,,,,10000.0
359,-1,17900,BANANAS,4944,23,,,,,4951,23,,,,,4947.5
360,-1,18000,PEARLS,9996,2,9995.0,25.0,,,10004,2,10005.0,25.0,,,10000.0
361,-1,18000,BANANAS,4945,2,4944.0,25.0,,,4951,27,,,,,4948.0
362,-1,18100,PEARLS,9995,20,,,,,10005,20,,,,,10000.0
363,-1,18100,BANANAS,4945,20,,,,,4952,20,,,,,4948.5
364,-1,18200,BANANAS,4945,25,,,,,4946,2,4952.0,26.0,,,4945.5
365,-1,18200,PEARLS,9996,1,9995.0,25.0,,,10004,1,10005.0,25.0,,,10000.0
366,-1,18300,PEARLS,9996,2,9995.0,23.0,,,10004,2,10005.0,23.0,,,10000.0
367,-1,18300,BANANAS,4944,25,,,,,4951,25,,,,,4947.5
368,-1,18400,PEARLS,9996,2,9995.0,23.0,,,10004,2,10005.0,23.0,,,10000.0
369,-1,18400,BANANAS,4945,25,,,,,4951,2,4952.0,23.0,,,4948.0
370,-1,18500,PEARLS,9995,29,,,,,10000,2,10005.0,29.0,,,9997.5
371,-1,18500,BANANAS,4950,1,4945.0,29.0,,,4952,29,,,,,4951.0
372,-1,18600,BANANAS,4945,20,,,,,4952,20,,,,,4948.5
373,-1,18600,PEARLS,10002,1,9995.0,20.0,,,10005,20,,,,,10003.5
374,-1,18700,BANANAS,4945,22,,,,,4952,22,,,,,4948.5
375,-1,18700,PEARLS,9995,22,,,,,10005,22,,,,,10000.0
376,-1,18800,PEARLS,9996,2,9995.0,26.0,,,10004,2,10005.0,26.0,,,10000.0
377,-1,18800,BANANAS,4945,28,,,,,4952,28,,,,,4948.5
378,-1,18900,BANANAS,4946,2,4945.0,22.0,,,4952,22,,,,,4949.0
379,-1,18900,PEARLS,9998,2,9995.0,22.0,,,10005,22,,,,,10001.5
380,-1,19000,BANANAS,4945,28,,,,,4951,2,4952.0,26.0,,,4948.0
381,-1,19000,PEARLS,9996,2,9995.0,26.0,,,10004,2,10005.0,26.0,,,10000.0
382,-1,19100,PEARLS,9996,2,9995.0,26.0,,,10004,2,10005.0,26.0,,,10000.0
383,-1,19100,BANANAS,4945,28,,,,,4951,2,4952.0,26.0,,,4948.0
384,-1,19200,PEARLS,9996,1,9995.0,20.0,,,9998,1,10004.0,1.0,10005.0,20.0,9997.0
385,-1,19200,BANANAS,4945,21,,,,,4952,21,,,,,4948.5
386,-1,19300,PEARLS,9996,2,9995.0,21.0,,,10004,2,10005.0,21.0,,,10000.0
387,-1,19300,BANANAS,4945,23,,,,,4952,23,,,,,4948.5
388,-1,19400,BANANAS,4946,26,,,,,4953,26,,,,,4949.5
389,-1,19400,PEARLS,9995,26,,,,,10005,26,,,,,10000.0
390,-1,19500,PEARLS,9995,23,,,,,10005,23,,,,,10000.0
391,-1,19500,BANANAS,4946,23,,,,,4953,23,,,,,4949.5
392,-1,19600,PEARLS,9996,2,9995.0,27.0,,,10004,2,10005.0,27.0,,,10000.0
393,-1,19600,BANANAS,4946,29,,,,,4952,2,4953.0,27.0,,,4949.0
394,-1,19700,PEARLS,10002,1,9996.0,2.0,9995.0,30.0,10004,2,10005.0,30.0,,,10003.0
395,-1,19700,BANANAS,4946,31,,,,,4952,2,4953.0,30.0,,,4949.0
396,-1,19800,BANANAS,4946,31,,,,,4952,2,4953.0,29.0,,,4949.0
397,-1,19800,PEARLS,9996,2,9995.0,29.0,,,10004,2,10005.0,29.0,,,10000.0
398,-1,19900,PEARLS,9996,2,9995.0,30.0,,,10004,2,10005.0,30.0,,,10000.0
399,-1,19900,BANANAS,4950,5,4946.0,32.0,,,4952,2,4953.0,30.0,,,4951.0
400,-1,20000,PEARLS,9995,27,,,,,10002,4,10005.0,27.0,,,9998.5
401,-1,20000,BANANAS,4946,27,,,,,4951,4,4953.0,27.0,,,4948.5
402,-1,20100,PEARLS,10002,1,9996.0,1.0,9995.0,30.0,10004,1,10005.0,30.0,,,10003.0
403,-1,20100,BANANAS,4946,31,,,,,4951,4,4952.0,1.0,4953.0,30.0,4948.5
404,-1,20200,BANANAS,4946,29,,,,,4953,29,,,,,4949.5
405,-1,20200,PEARLS,9995,29,,,,,9998,1,10005.0,29.0,,,9996.5
406,-1,20300,BANANAS,4945,27,,,,,4946,1,4952.0,27.0,,,4945.5
407,-1,20300,PEARLS,9995,27,,,,,10005,27,,,,,10000.0
408,-1,20400,PEARLS,9996,1,9995.0,28.0,,,10000,4,10004.0,1.0,10005.0,28.0,9998.0
409,-1,20400,BANANAS,4946,29,,,,,4952,1,4953.0,28.0,,,4949.0
410,-1,20500,BANANAS,4946,32,,,,,4952,2,4953.0,30.0,,,4949.0
411,-1,20500,PEARLS,10000,3,9996.0,2.0,9995.0,30.0,10004,2,10005.0,30.0,,,10002.0
412,-1,20600,BANANAS,4947,28,,,,,4953,2,4954.0,26.0,,,4950.0
413,-1,20600,PEARLS,9996,2,9995.0,26.0,,,10004,2,10005.0,26.0,,,10000.0
414,-1,20700,BANANAS,4948,4,4947.0,22.0,,,4950,3,4953.0,22.0,,,4949.0
415,-1,20700,PEARLS,10002,1,10000.0,6.0,9998.0,4.0,10005,22,,,,,10003.5
416,-1,20800,PEARLS,9996,2,9995.0,22.0,,,10004,2,10005.0,22.0,,,10000.0
417,-1,20800,BANANAS,4948,2,4947.0,22.0,,,4954,24,,,,,4951.0
418,-1,20900,BANANAS,4953,1,4947.0,23.0,,,4954,23,,,,,4953.5
419,-1,20900,PEARLS,9995,23,,,,,10005,23,,,,,10000.0
420,-1,21000,BANANAS,4948,28,,,,,4951,6,4954.0,2.0,4955.0,26.0,4949.5
421,-1,21000,PEARLS,9996,2,9995.0,26.0,,,10004,2,10005.0,26.0,,,10000.0
422,-1,21100,BANANAS,4948,24,,,,,4955,24,,,,,4951.5
423,-1,21100,PEARLS,9996,2,9995.0,22.0,,,10004,2,10005.0,22.0,,,10000.0
424,-1,21200,PEARLS,9995,22,,,,,9998,1,10005.0,22.0,,,9996.5
425,-1,21200,BANANAS,4947,22,,,,,4954,22,,,,,4950.5
426,-1,21300,BANANAS,4948,1,4947.0,29.0,,,4952,7,4954.0,30.0,,,4950.0
427,-1,21300,PEARLS,9996,1,9995.0,29.0,,,10002,7,10004.0,1.0,10005.0,29.0,9999.0
428,-1,21400,BANANAS,4948,28,,,,,4955,28,,,,,4951.5
429,-1,21400,PEARLS,9995,28,,,,,10005,28,,,,,10000.0
430,-1,21500,BANANAS,4950,2,4948.0,1.0,4947.0,20.0,4954,21,,,,,4952.0
431,-1,21500,PEARLS,9996,1,9995.0,20.0,,,10004,1,10005.0,20.0,,,10000.0
432,-1,21600,PEARLS,10002,12,9996.0,2.0,9995.0,25.0,10004,2,10005.0,25.0,,,10003.0
433,-1,21600,BANANAS,4952,5,4948.0,27.0,,,4955,27,,,,,4953.5
434,-1,21700,BANANAS,4948,10,4947.0,29.0,,,4954,31,,,,,4951.0
435,-1,21700,PEARLS,9998,8,9996.0,2.0,9995.0,29.0,10004,2,10005.0,29.0,,,10001.0
436,-1,21800,BANANAS,4948,24,,,,,4954,2,4955.0,22.0,,,4951.0
437,-1,21800,PEARLS,9996,2,9995.0,22.0,,,10004,2,10005.0,22.0,,,10000.0
438,-1,21900,BANANAS,4948,1,4947.0,21.0,,,4954,22,,,,,4951.0
439,-1,21900,PEARLS,10002,3,9996.0,1.0,9995.0,21.0,10004,1,10005.0,21.0,,,10003.0
440,-1,22000,PEARLS,9995,21,,,,,10005,21,,,,,10000.0
441,-1,22000,BANANAS,4947,21,,,,,4954,21,,,,,4950.5
442,-1,22100,BANANAS,4948,1,4947.0,22.0,,,4952,7,4954.0,24.0,,,4950.0
443,-1,22100,PEARLS,9996,2,9995.0,22.0,,,10002,7,10004.0,2.0,10005.0,22.0,9999.0
444,-1,22200,BANANAS,4949,6,4948.0,21.0,,,4954,1,4955.0,20.0,,,4951.5
445,-1,22200,PEARLS,9998,6,9996.0,1.0,9995.0,20.0,10004,1,10005.0,20.0,,,10001.0
446,-1,22300,BANANAS,4948,29,,,,,4955,29,,,,,4951.5
447,-1,22300,PEARLS,9996,1,9995.0,28.0,,,10004,1,10005.0,28.0,,,10000.0
448,-1,22400,PEARLS,9996,2,9995.0,27.0,,,9998,1,10004.0,2.0,10005.0,27.0,9997.0
449,-1,22400,BANANAS,4948,29,,,,,4955,29,,,,,4951.5
450,-1,22500,BANANAS,4948,31,,,,,4955,31,,,,,4951.5
451,-1,22500,PEARLS,9996,2,9995.0,29.0,,,10004,2,10005.0,29.0,,,10000.0
452,-1,22600,BANANAS,4949,6,4948.0,22.0,,,4955,22,,,,,4952.0
453,-1,22600,PEARLS,10000,6,9998.0,6.0,9996.0,2.0,10004,2,10005.0,20.0,,,10002.0
454,-1,22700,BANANAS,4949,1,4948.0,24.0,,,4955,26,,,,,4952.0
455,-1,22700,PEARLS,9996,2,9995.0,24.0,,,10004,2,10005.0,24.0,,,10000.0
456,-1,22800,PEARLS,9996,1,9995.0,27.0,,,9998,2,10004.0,1.0,10005.0,27.0,9997.0
457,-1,22800,BANANAS,4948,27,,,,,4954,1,4955.0,27.0,,,4951.0
458,-1,22900,BANANAS,4948,32,,,,,4953,8,4954.0,2.0,4955.0,30.0,4950.5
459,-1,22900,PEARLS,9996,2,9995.0,30.0,,,10002,8,10004.0,2.0,10005.0,30.0,9999.0
460,-1,23000,BANANAS,4948,22,,,,,4955,22,,,,,4951.5
461,-1,23000,PEARLS,9996,1,9995.0,21.0,,,10004,1,10005.0,21.0,,,10000.0
462,-1,23100,BANANAS,4949,8,4948.0,23.0,,,4955,23,,,,,4952.0
463,-1,23100,PEARLS,9998,8,9995.0,23.0,,,10005,23,,,,,10001.5
464,-1,23200,BANANAS,4953,7,4949.0,5.0,4948.0,31.0,4955,31,,,,,4954.0
465,-1,23200,PEARLS,9998,5,9996.0,2.0,9995.0,29.0,10004,2,10005.0,29.0,,,10001.0
466,-1,23300,PEARLS,9996,1,9995.0,29.0,,,10004,1,10005.0,29.0,,,10000.0
467,-1,23300,BANANAS,4948,1,4947.0,29.0,,,4954,30,,,,,4951.0
468,-1,23400,BANANAS,4952,2,4948.0,30.0,,,4954,30,,,,,4953.0
469,-1,23400,PEARLS,9996,1,9995.0,29.0,,,10004,1,10005.0,29.0,,,10000.0
470,-1,23500,BANANAS,4948,9,4947.0,28.0,,,4954,30,,,,,4951.0
471,-1,23500,PEARLS,9998,8,9996.0,2.0,9995.0,28.0,10004,2,10005.0,28.0,,,10001.0
472,-1,23600,PEARLS,9995,27,,,,,10005,27,,,,,10000.0
473,-1,23600,BANANAS,4951,1,4948.0,27.0,,,4955,27,,,,,4953.0
474,-1,23700,PEARLS,10002,1,9996.0,2.0,9995.0,21.0,10004,2,10005.0,21.0,,,10003.0
475,-1,23700,BANANAS,4947,23,,,,,4954,23,,,,,4950.5
476,-1,23800,PEARLS,9995,30,,,,,10005,30,,,,,10000.0
477,-1,23800,BANANAS,4953,1,4947.0,30.0,,,4954,30,,,,,4953.5
478,-1,23900,BANANAS,4953,1,4947.0,30.0,,,4954,30,,,,,4953.5
479,-1,23900,PEARLS,9995,30,,,,,10005,30,,,,,10000.0
480,-1,24000,PEARLS,9998,9,9995.0,29.0,,,10005,29,,,,,10001.5
481,-1,24000,BANANAS,4948,9,4947.0,29.0,,,4953,29,,,,,4950.5
482,-1,24100,PEARLS,9996,1,9995.0,25.0,,,10004,1,10005.0,25.0,,,10000.0
483,-1,24100,BANANAS,4952,1,4946.0,26.0,,,4953,26,,,,,4952.5
484,-1,24200,PEARLS,9996,2,9995.0,28.0,,,10002,6,10004.0,2.0,10005.0,28.0,9999.0
485,-1,24200,BANANAS,4946,2,4945.0,28.0,,,4950,6,4952.0,30.0,,,4948.0
486,-1,24300,BANANAS,4949,2,4945.0,2.0,4944.0,24.0,4951,26,,,,,4950.0
487,-1,24300,PEARLS,9996,2,9995.0,24.0,,,10002,1,10004.0,2.0,10005.0,24.0,9999.0
488,-1,24400,PEARLS,10002,1,9998.0,4.0,9996.0,1.0,10004,1,10005.0,21.0,,,10003.0
489,-1,24400,BANANAS,4950,1,4945.0,4.0,4944.0,22.0,4951,22,,,,,4950.5
490,-1,24500,PEARLS,10002,1,9996.0,1.0,9995.0,25.0,10004,1,10005.0,25.0,,,10003.0
491,-1,24500,BANANAS,4948,1,4945.0,26.0,,,4952,26,,,,,4950.0
492,-1,24600,PEARLS,9995,24,,,,,9998,2,10005.0,24.0,,,9996.5
493,-1,24600,BANANAS,4945,24,,,,,4952,24,,,,,4948.5
494,-1,24700,PEARLS,9995,25,,,,,10005,25,,,,,10000.0
495,-1,24700,BANANAS,4945,25,,,,,4952,25,,,,,4948.5
496,-1,24800,BANANAS,4945,23,,,,,4951,23,,,,,4948.0
497,-1,24800,PEARLS,9995,23,,,,,10005,23,,,,,10000.0
498,-1,24900,PEARLS,10002,1,9996.0,1.0,9995.0,22.0,10004,1,10005.0,22.0,,,10003.0
499,-1,24900,BANANAS,4944,23,,,,,4951,23,,,,,4947.5
500,-1,25000,PEARLS,9995,23,,,,,10005,23,,,,,10000.0
501,-1,25000,BANANAS,4944,23,,,,,4951,23,,,,,4947.5
502,-1,25100,PEARLS,10002,1,9995.0,25.0,,,10005,25,,,,,10003.5
503,-1,25100,BANANAS,4944,25,,,,,4950,25,,,,,4947.0
504,-1,25200,BANANAS,4949,1,4945.0,3.0,4944.0,25.0,4951,25,,,,,4950.0
505,-1,25200,PEARLS,9996,1,9995.0,24.0,,,9998,5,10004.0,1.0,10005.0,24.0,9997.0
506,-1,25300,PEARLS,9996,2,9995.0,22.0,,,10004,2,10005.0,22.0,,,10000.0
507,-1,25300,BANANAS,4944,23,,,,,4950,24,,,,,4947.0
508,-1,25400,PEARLS,9996,1,9995.0,29.0,,,10004,1,10005.0,29.0,,,10000.0
509,-1,25400,BANANAS,4944,30,,,,,4951,30,,,,,4947.5
510,-1,25500,PEARLS,9996,1,9995.0,20.0,,,9998,6,10002.0,9.0,10004.0,1.0,9997.0
511,-1,25500,BANANAS,4945,21,,,,,4949,9,4951.0,21.0,,,4947.0
512,-1,25600,BANANAS,4945,23,,,,,4950,7,4951.0,1.0,4952.0,22.0,4947.5
513,-1,25600,PEARLS,9996,1,9995.0,22.0,,,10002,7,10004.0,1.0,10005.0,22.0,9999.0
514,-1,25700,PEARLS,9996,2,9995.0,30.0,,,10004,2,10005.0,30.0,,,10000.0
515,-1,25700,BANANAS,4945,32,,,,,4951,2,4952.0,30.0,,,4948.0
516,-1,25800,PEARLS,10002,4,9995.0,24.0,,,10005,24,,,,,10003.5
517,-1,25800,BANANAS,4944,24,,,,,4945,1,4951.0,24.0,,,4944.5
518,-1,25900,PEARLS,9996,2,9995.0,23.0,,,10004,2,10005.0,23.0,,,10000.0
519,-1,25900,BANANAS,4945,2,4944.0,23.0,,,4951,25,,,,,4948.0
520,-1,26000,BANANAS,4945,29,,,,,4951,29,,,,,4948.0
521,-1,26000,PEARLS,9996,2,9995.0,27.0,,,10004,2,10005.0,27.0,,,10000.0
522,-1,26100,PEARLS,9998,7,9995.0,20.0,,,10005,20,,,,,10001.5
523,-1,26100,BANANAS,4946,7,4945.0,20.0,,,4952,20,,,,,4949.0
524,-1,26200,PEARLS,9996,1,9995.0,22.0,,,10004,1,10005.0,22.0,,,10000.0
525,-1,26200,BANANAS,4945,23,,,,,4952,23,,,,,4948.5
526,-1,26300,PEARLS,9996,1,9995.0,29.0,,,9998,1,10004.0,1.0,10005.0,29.0,9997.0
527,-1,26300,BANANAS,4945,30,,,,,4951,1,4952.0,29.0,,,4948.0
528,-1,26400,BANANAS,4945,21,,,,,4952,22,,,,,4948.5
529,-1,26400,PEARLS,9995,22,,,,,10005,22,,,,,10000.0
530,-1,26500,PEARLS,9996,1,9995.0,23.0,,,10004,1,10005.0,23.0,,,10000.0
531,-1,26500,BANANAS,4945,24,,,,,4951,24,,,,,4948.0
532,-1,26600,PEARLS,9996,2,9995.0,28.0,,,9998,1,10004.0,2.0,10005.0,28.0,9997.0
533,-1,26600,BANANAS,4945,30,,,,,4952,30,,,,,4948.5
534,-1,26700,PEARLS,9998,2,9996.0,1.0,9995.0,23.0,10004,1,10005.0,23.0,,,10001.0
535,-1,26700,BANANAS,4946,2,4945.0,24.0,,,4951,1,4952.0,23.0,,,4948.5
536,-1,26800,BANANAS,4950,1,4945.0,30.0,,,4952,30,,,,,4951.0
537,-1,26800,PEARLS,9996,2,9995.0,28.0,,,10004,2,10005.0,28.0,,,10000.0
538,-1,26900,PEARLS,10002,1,9995.0,30.0,,,10005,30,,,,,10003.5
539,-1,26900,BANANAS,4945,29,,,,,4952,30,,,,,4948.5
540,-1,27000,PEARLS,9995,28,,,,,10002,1,10005.0,28.0,,,9998.5
541,-1,27000,BANANAS,4945,28,,,,,4950,1,4952.0,28.0,,,4947.5
542,-1,27100,PEARLS,9995,24,,,,,10005,24,,,,,10000.0
543,-1,27100,BANANAS,4945,24,,,,,4952,24,,,,,4948.5
544,-1,27200,BANANAS,4948,1,4946.0,2.0,4945.0,21.0,4952,21,,,,,4950.0
545,-1,27200,PEARLS,9998,2,9995.0,21.0,,,10005,21,,,,,10001.5
546,-1,27300,PEARLS,9996,2,9995.0,29.0,,,10004,2,10005.0,29.0,,,10000.0
547,-1,27300,BANANAS,4951,1,4946.0,31.0,,,4952,2,4953.0,29.0,,,4951.5
548,-1,27400,PEARLS,9995,21,,,,,10005,21,,,,,10000.0
549,-1,27400,BANANAS,4946,21,,,,,4952,21,,,,,4949.0
550,-1,27500,BANANAS,4945,23,,,,,4948,5,4952.0,23.0,,,4946.5
551,-1,27500,PEARLS,9996,1,9995.0,22.0,,,10004,1,10005.0,22.0,,,10000.0
552,-1,27600,BANANAS,4946,8,4945.0,24.0,,,4952,24,,,,,4949.0
553,-1,27600,PEARLS,9998,5,9995.0,24.0,,,10005,24,,,,,10001.5
554,-1,27700,BANANAS,4946,24,,,,,4953,24,,,,,4949.5
555,-1,27700,PEARLS,9995,24,,,,,10005,24,,,,,10000.0
556,-1,27800,PEARLS,9998,9,9996.0,2.0,9995.0,26.0,10004,2,10005.0,26.0,,,10001.0
557,-1,27800,BANANAS,4952,1,4948.0,9.0,4947.0,28.0,4953,28,,,,,4952.5
558,-1,27900,PEARLS,9996,2,9995.0,27.0,,,10002,4,10004.0,2.0,10005.0,27.0,9999.0
559,-1,27900,BANANAS,4947,2,4946.0,27.0,,,4951,3,4953.0,29.0,,,4949.0
560,-1,28000,BANANAS,4947,2,4946.0,28.0,,,4953,28,,,,,4950.0
561,-1,28000,PEARLS,9998,2,9995.0,28.0,,,10005,28,,,,,10001.5
562,-1,28100,PEARLS,9996,2,9995.0,24.0,,,10004,2,10005.0,24.0,,,10000.0
563,-1,28100,BANANAS,4945,26,,,,,4952,26,,,,,4948.5
564,-1,28200,PEARLS,9996,1,9995.0,25.0,,,9998,2,10004.0,1.0,10005.0,25.0,9997.0
565,-1,28200,BANANAS,4946,26,,,,,4952,1,4953.0,25.0,,,4949.0
566,-1,28300,PEARLS,9996,1,9995.0,23.0,,,10004,1,10005.0,23.0,,,10000.0
567,-1,28300,BANANAS,4946,24,,,,,4953,24,,,,,4949.5
568,-1,28400,BANANAS,4947,24,,,,,4953,25,,,,,4950.0
569,-1,28400,PEARLS,9996,2,9995.0,23.0,,,10004,2,10005.0,23.0,,,10000.0
570,-1,28500,PEARLS,9998,10,9995.0,23.0,,,10005,23,,,,,10001.5
571,-1,28500,BANANAS,4948,10,4947.0,23.0,,,4954,23,,,,,4951.0
572,-1,28600,PEARLS,10002,1,9996.0,2.0,9995.0,21.0,10004,2,10005.0,21.0,,,10003.0
573,-1,28600,BANANAS,4948,23,,,,,4954,2,4955.0,21.0,,,4951.0
574,-1,28700,PEARLS,9995,30,,,,,10005,30,,,,,10000.0
575,-1,28700,BANANAS,4948,30,,,,,4955,30,,,,,4951.5
576,-1,28800,BANANAS,4948,27,,,,,4955,27,,,,,4951.5
577,-1,28800,PEARLS,9995,27,,,,,10005,27,,,,,10000.0
578,-1,28900,PEARLS,9998,7,9996.0,1.0,9995.0,21.0,10004,1,10005.0,21.0,,,10001.0
579,-1,28900,BANANAS,4950,7,4949.0,22.0,,,4956,22,,,,,4953.0
580,-1,29000,PEARLS,9995,24,,,,,10005,24,,,,,10000.0
581,-1,29000,BANANAS,4949,24,,,,,4950,1,4956.0,24.0,,,4949.5
582,-1,29100,BANANAS,4950,28,,,,,4956,28,,,,,4953.0
583,-1,29100,PEARLS,9996,2,9995.0,26.0,,,10004,2,10005.0,26.0,,,10000.0
584,-1,29200,BANANAS,4955,1,4950.0,31.0,,,4957,31,,,,,4956.0
585,-1,29200,PEARLS,9996,1,9995.0,30.0,,,10004,1,10005.0,30.0,,,10000.0
586,-1,29300,BANANAS,4950,32,,,,,4954,3,4956.0,32.0,,,4952.0
587,-1,29300,PEARLS,9996,2,9995.0,30.0,,,10002,3,10004.0,2.0,10005.0,30.0,9999.0
588,-1,29400,PEARLS,10002,1,9996.0,1.0,9995.0,25.0,10004,1,10005.0,25.0,,,10003.0
589,-1,29400,BANANAS,4952,2,4950.0,1.0,4949.0,25.0,4956,26,,,,,4954.0
590,-1,29500,BANANAS,4949,29,,,,,4956,29,,,,,4952.5
591,-1,29500,PEARLS,9996,2,9995.0,27.0,,,10004,2,10005.0,27.0,,,10000.0
592,-1,29600,BANANAS,4950,2,4949.0,28.0,,,4956,30,,,,,4953.0
593,-1,29600,PEARLS,9996,2,9995.0,28.0,,,10004,2,10005.0,28.0,,,10000.0
594,-1,29700,BANANAS,4949,25,,,,,4954,4,4956.0,26.0,,,4951.5
595,-1,29700,PEARLS,9996,1,9995.0,25.0,,,10002,4,10004.0,1.0,10005.0,25.0,9999.0
596,-1,29800,PEARLS,9998,6,9996.0,1.0,9995.0,30.0,10004,1,10005.0,30.0,,,10001.0
597,-1,29800,BANANAS,4950,6,4949.0,31.0,,,4956,31,,,,,4953.0
598,-1,29900,BANANAS,4949,21,,,,,4956,21,,,,,4952.5
599,-1,29900,PEARLS,9995,21,,,,,10005,21,,,,,10000.0
600,-1,30000,BANANAS,4951,4,4950.0,31.0,,,4956,1,4957.0,30.0,,,4953.5
601,-1,30000,PEARLS,9998,3,9996.0,1.0,9995.0,30.0,10004,1,10005.0,30.0,,,10001.0
602,-1,30100,BANANAS,4949,30,,,,,4955,2,4956.0,28.0,,,4952.0
603,-1,30100,PEARLS,9996,2,9995.0,28.0,,,10004,2,10005.0,28.0,,,10000.0
604,-1,30200,PEARLS,9996,2,9995.0,20.0,,,10004,2,10005.0,20.0,,,10000.0
605,-1,30200,BANANAS,4949,22,,,,,4956,22,,,,,4952.5
606,-1,30300,BANANAS,4949,2,4948.0,29.0,,,4953,8,4955.0,31.0,,,4951.0
607,-1,30300,PEARLS,9996,2,9995.0,29.0,,,10002,9,10004.0,2.0,10005.0,29.0,9999.0
608,-1,30400,BANANAS,4948,31,,,,,4953,8,4955.0,31.0,,,4950.5
609,-1,30400,PEARLS,10000,5,9996.0,2.0,9995.0,29.0,10002,8,10004.0,2.0,10005.0,29.0,10001.0
610,-1,30500,BANANAS,4949,5,4948.0,22.0,,,4954,2,4955.0,20.0,,,4951.5
611,-1,30500,PEARLS,9998,5,9996.0,2.0,9995.0,20.0,10004,2,10005.0,20.0,,,10001.0
612,-1,30600,PEARLS,9996,2,9995.0,20.0,,,10002,4,10004.0,2.0,10005.0,20.0,9999.0
613,-1,30600,BANANAS,4949,1,4948.0,20.0,,,4953,4,4955.0,22.0,,,4951.0
614,-1,30700,BANANAS,4948,30,,,,,4949,9,4955.0,30.0,,,4948.5
615,-1,30700,PEARLS,9995,30,,,,,10005,30,,,,,10000.0
616,-1,30800,BANANAS,4949,1,4948.0,30.0,,,4955,31,,,,,4952.0
617,-1,30800,PEARLS,9996,1,9995.0,30.0,,,10004,1,10005.0,30.0,,,10000.0
618,-1,30900,BANANAS,4949,30,,,,,4953,6,4955.0,30.0,,,4951.0
619,-1,30900,PEARLS,9996,2,9995.0,28.0,,,10002,6,10004.0,2.0,10005.0,28.0,9999.0
620,-1,31000,PEARLS,10000,4,9996.0,1.0,9995.0,22.0,10004,1,10005.0,22.0,,,10002.0
621,-1,31000,BANANAS,4950,23,,,,,4956,23,,,,,4953.0
622,-1,31100,BANANAS,4950,29,,,,,4956,2,4957.0,27.0,,,4953.0
623,-1,31100,PEARLS,9996,2,9995.0,27.0,,,10004,2,10005.0,27.0,,,10000.0
624,-1,31200,BANANAS,4950,2,4949.0,29.0,,,4954,6,4956.0,31.0,,,4952.0
625,-1,31200,PEARLS,9996,2,9995.0,29.0,,,10002,6,10004.0,2.0,10005.0,29.0,9999.0
626,-1,31300,BANANAS,4950,24,,,,,4957,24,,,,,4953.5
627,-1,31300,PEARLS,9996,1,9995.0,23.0,,,10004,1,10005.0,23.0,,,10000.0
628,-1,31400,PEARLS,9995,26,,,,,9998,1,10005.0,26.0,,,9996.5
629,-1,31400,BANANAS,4950,26,,,,,4957,26,,,,,4953.5
630,-1,31500,BANANAS,4951,30,,,,,4958,30,,,,,4954.5
631,-1,31500,PEARLS,9995,30,,,,,10005,30,,,,,10000.0
632,-1,31600,BANANAS,4956,1,4951.0,27.0,,,4958,27,,,,,4957.0
633,-1,31600,PEARLS,9995,27,,,,,10005,27,,,,,10000.0
634,-1,31700,BANANAS,4951,24,,,,,4957,2,4958.0,22.0,,,4954.0
635,-1,31700,PEARLS,9996,2,9995.0,22.0,,,10004,2,10005.0,22.0,,,10000.0
636,-1,31800,PEARLS,10000,6,9996.0,1.0,9995.0,25.0,10004,1,10005.0,25.0,,,10002.0
637,-1,31800,BANANAS,4950,26,,,,,4957,26,,,,,4953.5
638,-1,31900,BANANAS,4952,3,4951.0,28.0,,,4958,28,,,,,4955.0
639,-1,31900,PEARLS,9998,3,9995.0,28.0,,,10005,28,,,,,10001.5
640,-1,32000,BANANAS,4951,25,,,,,4957,1,4958.0,24.0,,,4954.0
641,-1,32000,PEARLS,9996,1,9995.0,24.0,,,10004,1,10005.0,24.0,,,10000.0
642,-1,32100,BANANAS,4951,29,,,,,4957,1,4958.0,28.0,,,4954.0
643,-1,32100,PEARLS,9996,1,9995.0,28.0,,,10004,1,10005.0,28.0,,,10000.0
644,-1,32200,BANANAS,4951,28,,,,,4957,1,4958.0,27.0,,,4954.0
645,-1,32200,PEARLS,9996,1,9995.0,27.0,,,10004,1,10005.0,27.0,,,10000.0
646,-1,32300,PEARLS,9995,25,,,,,10005,25,,,,,10000.0
647,-1,32300,BANANAS,4950,25,,,,,4957,25,,,,,4953.5
648,-1,32400,PEARLS,9996,1,9995.0,30.0,,,10004,1,10005.0,30.0,,,10000.0
649,-1,32400,BANANAS,4950,31,,,,,4951,1,4957.0,31.0,,,4950.5
650,-1,32500,BANANAS,4950,22,,,,,4957,22,,,,,4953.5
651,-1,32500,PEARLS,9998,1,9996.0,1.0,9995.0,21.0,10004,1,10005.0,21.0,,,10001.0
652,-1,32600,PEARLS,10002,1,9995.0,30.0,,,10005,30,,,,,10003.5
653,-1,32600,BANANAS,4950,30,,,,,4957,30,,,,,4953.5
654,-1,32700,PEARLS,9996,2,9995.0,22.0,,,10004,2,10005.0,22.0,,,10000.0
655,-1,32700,BANANAS,4950,24,,,,,4956,2,4957.0,22.0,,,4953.0
656,-1,32800,PEARLS,9996,2,9995.0,28.0,,,10004,2,10005.0,28.0,,,10000.0
657,-1,32800,BANANAS,4950,2,4949.0,28.0,,,4956,30,,,,,4953.0
658,-1,32900,BANANAS,4950,29,,,,,4956,29,,,,,4953.0
659,-1,32900,PEARLS,9996,2,9995.0,27.0,,,10004,2,10005.0,27.0,,,10000.0
660,-1,33000,PEARLS,9996,2,9995.0,28.0,,,10004,2,10005.0,28.0,,,10000.0
661,-1,33000,BANANAS,4949,30,,,,,4954,5,4956.0,30.0,,,4951.5
662,-1,33100,PEARLS,9996,1,9995.0,28.0,,,10004,1,10005.0,28.0,,,10000.0
663,-1,33100,BANANAS,4948,29,,,,,4949,1,4955.0,29.0,,,4948.5
664,-1,33200,PEARLS,9996,1,9995.0,20.0,,,10002,7,10004.0,1.0,10005.0,20.0,9999.0
665,-1,33200,BANANAS,4948,21,,,,,4949,1,4953.0,7.0,4955.0,21.0,4948.5
666,-1,33300,BANANAS,4949,21,,,,,4955,1,4956.0,20.0,,,4952.0
667,-1,33300,PEARLS,9996,1,9995.0,20.0,,,10004,1,10005.0,20.0,,,10000.0
668,-1,33400,PEARLS,9996,2,9995.0,30.0,,,10002,3,10004.0,2.0,10005.0,30.0,9999.0
669,-1,33400,BANANAS,4949,32,,,,,4954,2,4956.0,32.0,,,4951.5
670,-1,33500,PEARLS,9996,1,9995.0,20.0,,,10004,1,10005.0,20.0,,,10000.0
671,-1,33500,BANANAS,4950,1,4949.0,20.0,,,4956,21,,,,,4953.0
672,-1,33600,PEARLS,10002,6,9995.0,27.0,,,10005,27,,,,,10003.5
673,-1,33600,BANANAS,4949,27,,,,,4956,27,,,,,4952.5
674,-1,33700,PEARLS,9996,1,9995.0,27.0,,,10002,1,10004.0,1.0,10005.0,27.0,9999.0
675,-1,33700,BANANAS,4949,28,,,,,4954,1,4955.0,1.0,4956.0,27.0,4951.5
676,-1,33800,BANANAS,4948,26,,,,,4949,7,4955.0,26.0,,,4948.5
677,-1,33800,PEARLS,9996,1,9995.0,25.0,,,10004,1,10005.0,25.0,,,10000.0
678,-1,33900,PEARLS,9995,24,,,,,10005,24,,,,,10000.0
679,-1,33900,BANANAS,4948,24,,,,,4955,24,,,,,4951.5
680,-1,34000,PEARLS,10002,1,9995.0,30.0,,,10005,30,,,,,10003.5
681,-1,34000,BANANAS,4951,4,4948.0,30.0,,,4955,30,,,,,4953.0
682,-1,34100,PEARLS,9996,1,9995.0,22.0,,,10004,1,10005.0,22.0,,,10000.0
683,-1,34100,BANANAS,4949,1,4948.0,22.0,,,4955,23,,,,,4952.0
684,-1,34200,BANANAS,4949,23,,,,,4956,23,,,,,4952.5
685,-1,34200,PEARLS,9995,23,,,,,10005,23,,,,,10000.0
686,-1,34300,PEARLS,10002,1,9996.0,1.0,9995.0,22.0,10004,1,10005.0,22.0,,,10003.0
687,-1,34300,BANANAS,4949,23,,,,,4955,23,,,,,4952.0
688,-1,34400,PEARLS,9996,2,9995.0,23.0,,,10004,2,10005.0,23.0,,,10000.0
689,-1,34400,BANANAS,4949,2,4948.0,23.0,,,4955,25,,,,,4952.0
690,-1,34500,PEARLS,9995,30,,,,,10005,30,,,,,10000.0
691,-1,34500,BANANAS,4948,30,,,,,4955,30,,,,,4951.5
692,-1,34600,BANANAS,4953,1,4948.0,29.0,,,4955,29,,,,,4954.0
693,-1,34600,PEARLS,9995,29,,,,,10005,29,,,,,10000.0
694,-1,34700,PEARLS,9998,6,9995.0,24.0,,,10005,24,,,,,10001.5
695,-1,34700,BANANAS,4949,6,4948.0,24.0,,,4955,24,,,,,4952.0
696,-1,34800,PEARLS,9996,2,9995.0,23.0,,,10004,2,10005.0,23.0,,,10000.0
697,-1,34800,BANANAS,4949,2,4948.0,23.0,,,4955,25,,,,,4952.0
698,-1,34900,PEARLS,9996,1,9995.0,20.0,,,10004,1,10005.0,20.0,,,10000.0
699,-1,34900,BANANAS,4949,21,,,,,4955,1,4956.0,20.0,,,4952.0
700,-1,35000,BANANAS,4954,1,4948.0,20.0,,,4955,20,,,,,4954.5
701,-1,35000,PEARLS,10002,1,9995.0,20.0,,,10005,20,,,,,10003.5
702,-1,35100,PEARLS,10002,3,9996.0,2.0,9995.0,29.0,10004,2,10005.0,29.0,,,10003.0
703,-1,35100,BANANAS,4949,31,,,,,4956,31,,,,,4952.5
704,-1,35200,PEARLS,9996,2,9995.0,28.0,,,10002,10,10004.0,2.0,10005.0,28.0,9999.0
705,-1,35200,BANANAS,4949,30,,,,,4954,10,4956.0,30.0,,,4951.5
706,-1,35300,PEARLS,9998,6,9996.0,1.0,9995.0,27.0,10004,1,10005.0,27.0,,,10001.0
707,-1,35300,BANANAS,4955,1,4951.0,6.0,4950.0,28.0,4956,1,4957.0,27.0,,,4955.5
708,-1,35400,BANANAS,4956,1,4950.0,25.0,,,4957,25,,,,,4956.5
709,-1,35400,PEARLS,10002,3,9995.0,25.0,,,10005,25,,,,,10003.5
710,-1,35500,PEARLS,9996,2,9995.0,26.0,,,10004,2,10005.0,26.0,,,10000.0
711,-1,35500,BANANAS,4950,28,,,,,4957,28,,,,,4953.5
712,-1,35600,PEARLS,9995,26,,,,,10005,26,,,,,10000.0
713,-1,35600,BANANAS,4954,13,4949.0,26.0,,,4956,26,,,,,4955.0
714,-1,35700,PEARLS,9996,2,9995.0,27.0,,,10004,2,10005.0,27.0,,,10000.0
715,-1,35700,BANANAS,4950,29,,,,,4957,29,,,,,4953.5
716,-1,35800,BANANAS,4951,7,4950.0,31.0,,,4956,1,4957.0,30.0,,,4953.5
717,-1,35800,PEARLS,9998,7,9996.0,1.0,9995.0,30.0,10004,1,10005.0,30.0,,,10001.0
718,-1,35900,PEARLS,9996,2,9995.0,21.0,,,10004,2,10005.0,21.0,,,10000.0
719,-1,35900,BANANAS,4950,2,4949.0,21.0,,,4952,5,4956.0,23.0,,,4951.0
720,-1,36000,PEARLS,9995,30,,,,,10002,5,10005.0,30.0,,,9998.5
721,-1,36000,BANANAS,4950,30,,,,,4955,2,4957.0,30.0,,,4952.5
722,-1,36100,PEARLS,10002,8,9996.0,2.0,9995.0,24.0,10004,2,10005.0,24.0,,,10003.0
723,-1,36100,BANANAS,4950,26,,,,,4955,1,4957.0,26.0,,,4952.5
724,-1,36200,BANANAS,4950,30,,,,,4957,30,,,,,4953.5
725,-1,36200,PEARLS,9996,1,9995.0,29.0,,,9998,1,10004.0,1.0,10005.0,29.0,9997.0
726,-1,36300,PEARLS,9996,1,9995.0,21.0,,,10004,1,10005.0,21.0,,,10000.0
727,-1,36300,BANANAS,4951,22,,,,,4957,1,4958.0,21.0,,,4954.0
728,-1,36400,PEARLS,9998,1,9996.0,1.0,9995.0,20.0,10004,1,10005.0,20.0,,,10001.0
729,-1,36400,BANANAS,4955,1,4951.0,1.0,4950.0,21.0,4957,21,,,,,4956.0
730,-1,36500,BANANAS,4950,25,,,,,4957,25,,,,,4953.5
731,-1,36500,PEARLS,9995,25,,,,,10005,25,,,,,10000.0
732,-1,36600,BANANAS,4950,29,,,,,4956,1,4957.0,28.0,,,4953.0
733,-1,36600,PEARLS,9996,1,9995.0,28.0,,,10004,1,10005.0,28.0,,,10000.0
734,-1,36700,BANANAS,4949,21,,,,,4956,21,,,,,4952.5
735,-1,36700,PEARLS,9995,21,,,,,10005,21,,,,,10000.0
736,-1,36800,PEARLS,9995,30,,,,,10005,30,,,,,10000.0
737,-1,36800,BANANAS,4950,30,,,,,4957,30,,,,,4953.5
738,-1,36900,PEARLS,9996,1,9995.0,26.0,,,10004,1,10005.0,26.0,,,10000.0
739,-1,36900,BANANAS,4950,27,,,,,4957,27,,,,,4953.5
740,-1,37000,BANANAS,4951,2,4950.0,23.0,,,4957,25,,,,,4954.0
741,-1,37000,PEARLS,9996,2,9995.0,23.0,,,10004,2,10005.0,23.0,,,10000.0
742,-1,37100,PEARLS,9996,2,9995.0,21.0,,,10004,2,10005.0,21.0,,,10000.0
743,-1,37100,BANANAS,4950,23,,,,,4957,23,,,,,4953.5
744,-1,37200,PEARLS,9996,1,9995.0,20.0,,,10004,1,10005.0,20.0,,,10000.0
745,-1,37200,BANANAS,4950,21,,,,,4957,21,,,,,4953.5
746,-1,37300,PEARLS,9996,1,9995.0,27.0,,,9998,10,10002.0,4.0,10004.0,1.0,9997.0
747,-1,37300,BANANAS,4950,27,,,,,4955,4,4956.0,1.0,4957.0,27.0,4952.5
748,-1,37400,BANANAS,4950,2,4949.0,30.0,,,4956,30,,,,,4953.0
749,-1,37400,PEARLS,10002,1,9998.0,2.0,9995.0,30.0,10005,30,,,,,10003.5
750,-1,37500,PEARLS,9996,2,9995.0,25.0,,,10004,2,10005.0,25.0,,,10000.0
751,-1,37500,BANANAS,4950,27,,,,,4957,27,,,,,4953.5
752,-1,37600,PEARLS,9995,22,,,,,10002,7,10005.0,22.0,,,9998.5
753,-1,37600,BANANAS,4950,22,,,,,4955,7,4957.0,22.0,,,4952.5
754,-1,37700,PEARLS,9996,1,9995.0,23.0,,,10004,1,10005.0,23.0,,,10000.0
755,-1,37700,BANANAS,4950,24,,,,,4957,24,,,,,4953.5
756,-1,37800,BANANAS,4950,24,,,,,4957,25,,,,,4953.5
757,-1,37800,PEARLS,9995,25,,,,,10005,25,,,,,10000.0
758,-1,37900,BANANAS,4950,25,,,,,4952,2,4953.0,5.0,4957.0,25.0,4951.0
759,-1,37900,PEARLS,9995,25,,,,,10005,25,,,,,10000.0
760,-1,38000,PEARLS,10002,1,9996.0,2.0,9995.0,30.0,10004,2,10005.0,30.0,,,10003.0
761,-1,38000,BANANAS,4950,32,,,,,4956,32,,,,,4953.0
762,-1,38100,BANANAS,4949,28,,,,,4950,11,4954.0,2.0,4956.0,28.0,4949.5
763,-1,38100,PEARLS,9996,2,9995.0,26.0,,,10002,2,10004.0,2.0,10005.0,26.0,9999.0
764,-1,38200,BANANAS,4949,28,,,,,4956,28,,,,,4952.5
765,-1,38200,PEARLS,9996,1,9995.0,27.0,,,10004,1,10005.0,27.0,,,10000.0
766,-1,38300,BANANAS,4949,5,4948.0,26.0,,,4955,26,,,,,4952.0
767,-1,38300,PEARLS,9998,5,9995.0,26.0,,,10005,26,,,,,10001.5
768,-1,38400,PEARLS,9996,1,9995.0,23.0,,,10000,6,10004.0,1.0,10005.0,23.0,9998.0
769,-1,38400,BANANAS,4949,1,4948.0,23.0,,,4955,24,,,,,4952.0
770,-1,38500,BANANAS,4949,21,,,,,4956,21,,,,,4952.5
771,-1,38500,PEARLS,10002,1,9995.0,21.0,,,10005,21,,,,,10003.5
772,-1,38600,BANANAS,4949,2,4948.0,28.0,,,4955,30,,,,,4952.0
773,-1,38600,PEARLS,9996,2,9995.0,28.0,,,10004,2,10005.0,28.0,,,10000.0
774,-1,38700,BANANAS,4949,20,,,,,4956,20,,,,,4952.5
775,-1,38700,PEARLS,9995,20,,,,,10005,20,,,,,10000.0
776,-1,38800,PEARLS,9996,1,9995.0,20.0,,,10002,1,10004.0,1.0,10005.0,20.0,9999.0
777,-1,38800,BANANAS,4949,21,,,,,4954,1,4955.0,1.0,4956.0,20.0,4951.5
778,-1,38900,BANANAS,4950,32,,,,,4956,2,4957.0,30.0,,,4953.0
779,-1,38900,PEARLS,9996,2,9995.0,30.0,,,10004,2,10005.0,30.0,,,10000.0
780,-1,39000,BANANAS,4950,23,,,,,4955,9,4957.0,23.0,,,4952.5
781,-1,39000,PEARLS,9995,23,,,,,10002,9,10005.0,23.0,,,9998.5
782,-1,39100,BANANAS,4950,8,4949.0,25.0,,,4956,25,,,,,4953.0
783,-1,39100,PEARLS,9998,8,9996.0,1.0,9995.0,24.0,10004,1,10005.0,24.0,,,10001.0
784,-1,39200,PEARLS,9996,1,9995.0,29.0,,,10004,1,10005.0,29.0,,,10000.0
785,-1,39200,BANANAS,4955,1,4950.0,2.0,4949.0,29.0,4956,30,,,,,4955.5
786,-1,39300,BANANAS,4949,27,,,,,4956,27,,,,,4952.5
787,-1,39300,PEARLS,9995,27,,,,,10005,27,,,,,10000.0
788,-1,39400,BANANAS,4950,1,4949.0,30.0,,,4956,31,,,,,4953.0
789,-1,39400,PEARLS,9996,1,9995.0,30.0,,,10004,1,10005.0,30.0,,,10000.0
790,-1,39500,BANANAS,4950,27,,,,,4955,2,4957.0,27.0,,,4952.5
791,-1,39500,PEARLS,9995,27,,,,,9998,1,10002.0,2.0,10005.0,27.0,9996.5
792,-1,39600,PEARLS,9995,23,,,,,10005,23,,,,,10000.0
793,-1,39600,BANANAS,4949,23,,,,,4956,23,,,,,4952.5
794,-1,39700,BANANAS,4950,2,4949.0,22.0,,,4956,24,,,,,4953.0
795,-1,39700,PEARLS,9996,2,9995.0,22.0,,,10004,2,10005.0,22.0,,,10000.0
796,-1,39800,BANANAS,4949,28,,,,,4956,28,,,,,4952.5
797,-1,39800,PEARLS,9996,1,9995.0,27.0,,,10004,1,10005.0,27.0,,,10000.0
798,-1,39900,BANANAS,4949,31,,,,,4954,4,4956.0,31.0,,,4951.5
799,-1,39900,PEARLS,9996,1,9995.0,30.0,,,10002,4,10004.0,1.0,10005.0,30.0,9999.0
800,-1,40000,PEARLS,9995,22,,,,,10005,22,,,,,10000.0
801,-1,40000,BANANAS,4952,3,4949.0,22.0,,,4956,22,,,,,4954.0
802,-1,40100,BANANAS,4949,31,,,,,4954,8,4956.0,31.0,,,4951.5
803,-1,40100,PEARLS,9996,2,9995.0,29.0,,,10002,8,10004.0,2.0,10005.0,29.0,9999.0
804,-1,40200,BANANAS,4949,29,,,,,4956,29,,,,,4952.5
805,-1,40200,PEARLS,9996,1,9995.0,28.0,,,10004,1,10005.0,28.0,,,10000.0
806,-1,40300,BANANAS,4949,22,,,,,4956,22,,,,,4952.5
807,-1,40300,PEARLS,9995,22,,,,,9998,1,10005.0,22.0,,,9996.5
808,-1,40400,PEARLS,9996,1,9995.0,23.0,,,10004,1,10005.0,23.0,,,10000.0
809,-1,40400,BANANAS,4948,24,,,,,4954,1,4955.0,23.0,,,4951.0
810,-1,40500,BANANAS,4948,28,,,,,4954,2,4955.0,27.0,,,4951.0
811,-1,40500,PEARLS,10002,1,9996.0,2.0,9995.0,27.0,10004,2,10005.0,27.0,,,10003.0
812,-1,40600,BANANAS,4948,2,4947.0,24.0,,,4954,26,,,,,4951.0
813,-1,40600,PEARLS,9996,2,9995.0,24.0,,,10004,2,10005.0,24.0,,,10000.0
814,-1,40700,BANANAS,4949,7,4948.0,22.0,,,4955,22,,,,,4952.0
815,-1,40700,PEARLS,9998,7,9996.0,2.0,9995.0,20.0,10004,2,10005.0,20.0,,,10001.0
816,-1,40800,PEARLS,9995,27,,,,,10005,27,,,,,10000.0
817,-1,40800,BANANAS,4948,27,,,,,4955,27,,,,,4951.5
818,-1,40900,PEARLS,9998,10,9996.0,2.0,9995.0,26.0,10004,2,10005.0,26.0,,,10001.0
819,-1,40900,BANANAS,4949,10,4948.0,28.0,,,4955,28,,,,,4952.0
820,-1,41000,BANANAS,4948,20,,,,,4953,10,4955.0,21.0,,,4950.5
821,-1,41000,PEARLS,9995,21,,,,,10002,10,10005.0,21.0,,,9998.5
822,-1,41100,BANANAS,4947,26,,,,,4954,27,,,,,4950.5
823,-1,41100,PEARLS,9995,27,,,,,10005,27,,,,,10000.0
824,-1,41200,BANANAS,4947,29,,,,,4954,29,,,,,4950.5
825,-1,41200,PEARLS,9995,29,,,,,10005,29,,,,,10000.0
826,-1,41300,PEARLS,9998,2,9996.0,1.0,9995.0,24.0,10004,1,10005.0,24.0,,,10001.0
827,-1,41300,BANANAS,4947,2,4946.0,25.0,,,4953,25,,,,,4950.0
828,-1,41400,PEARLS,9998,5,9996.0,2.0,9995.0,23.0,10000,4,10004.0,2.0,10005.0,23.0,9999.0
829,-1,41400,BANANAS,4948,5,4947.0,25.0,,,4953,2,4954.0,23.0,,,4950.5
830,-1,41500,BANANAS,4948,8,4947.0,22.0,,,4953,2,4954.0,20.0,,,4950.5
831,-1,41500,PEARLS,9998,8,9996.0,2.0,9995.0,20.0,10004,2,10005.0,20.0,,,10001.0
832,-1,41600,PEARLS,9996,1,9995.0,22.0,,,10004,1,10005.0,22.0,,,10000.0
833,-1,41600,BANANAS,4948,1,4947.0,22.0,,,4954,23,,,,,4951.0
834,-1,41700,PEARLS,10000,5,9995.0,21.0,,,10005,21,,,,,10002.5
835,-1,41700,BANANAS,4947,21,,,,,4948,1,4954.0,21.0,,,4947.5
836,-1,41800,PEARLS,9996,2,9995.0,22.0,,,10004,2,10005.0,22.0,,,10000.0
837,-1,41800,BANANAS,4947,24,,,,,4954,24,,,,,4950.5
838,-1,41900,BANANAS,4953,1,4948.0,22.0,,,4955,22,,,,,4954.0
839,-1,41900,PEARLS,9996,1,9995.0,21.0,,,9998,4,10004.0,1.0,10005.0,21.0,9997.0
840,-1,42000,PEARLS,9996,2,9995.0,30.0,,,10004,2,10005.0,30.0,,,10000.0
841,-1,42000,BANANAS,4948,32,,,,,4949,1,4955.0,32.0,,,4948.5
842,-1,42100,PEARLS,9998,8,9996.0,2.0,9995.0,21.0,10004,2,10005.0,21.0,,,10001.0
843,-1,42100,BANANAS,4949,8,4948.0,23.0,,,4955,23,,,,,4952.0
844,-1,42200,PEARLS,10002,1,9995.0,28.0,,,10005,28,,,,,10003.5
845,-1,42200,BANANAS,4948,28,,,,,4955,28,,,,,4951.5
846,-1,42300,BANANAS,4948,20,,,,,4955,20,,,,,4951.5
847,-1,42300,PEARLS,9995,20,,,,,10005,20,,,,,10000.0
848,-1,42400,BANANAS,4948,30,,,,,4954,2,4955.0,29.0,,,4951.0
849,-1,42400,PEARLS,9996,2,9995.0,29.0,,,10004,2,10005.0,29.0,,,10000.0
850,-1,42500,PEARLS,9995,24,,,,,10002,3,10005.0,24.0,,,9998.5
851,-1,42500,BANANAS,4948,24,,,,,4953,3,4955.0,24.0,,,4950.5
852,-1,42600,PEARLS,9995,26,,,,,10005,26,,,,,10000.0
853,-1,42600,BANANAS,4947,26,,,,,4954,26,,,,,4950.5
854,-1,42700,PEARLS,9995,26,,,,,10005,26,,,,,10000.0
855,-1,42700,BANANAS,4947,26,,,,,4954,26,,,,,4950.5
856,-1,42800,BANANAS,4947,30,,,,,4954,30,,,,,4950.5
857,-1,42800,PEARLS,9995,30,,,,,10005,30,,,,,10000.0
858,-1,42900,PEARLS,9995,25,,,,,10005,25,,,,,10000.0
859,-1,42900,BANANAS,4946,25,,,,,4953,25,,,,,4949.5
860,-1,43000,PEARLS,9995,23,,,,,10005,23,,,,,10000.0
861,-1,43000,BANANAS,4946,23,,,,,4953,23,,,,,4949.5
862,-1,43100,PEARLS,9995,21,,,,,10005,21,,,,,10000.0
863,-1,43100,BANANAS,4946,21,,,,,4953,21,,,,,4949.5
864,-1,43200,BANANAS,4946,21,,,,,4953,21,,,,,4949.5
865,-1,43200,PEARLS,9996,1,9995.0,20.0,,,10004,1,10005.0,20.0,,,10000.0
866,-1,43300,PEARLS,9996,1,9995.0,24.0,,,10004,1,10005.0,24.0,,,10000.0
867,-1,43300,BANANAS,4946,25,,,,,4952,1,4953.0,24.0,,,4949.0
868,-1,43400,PEARLS,9996,2,9995.0,22.0,,,10004,2,10005.0,22.0,,,10000.0
869,-1,43400,BANANAS,4946,24,,,,,4952,2,4953.0,22.0,,,4949.0
870,-1,43500,PEARLS,9998,7,9995.0,23.0,,,10005,23,,,,,10001.5
871,-1,43500,BANANAS,4947,6,4946.0,23.0,,,4953,23,,,,,4950.0
872,-1,43600,BANANAS,4946,2,4945.0,21.0,,,4950,9,4952.0,23.0,,,4948.0
873,-1,43600,PEARLS,9996,2,9995.0,21.0,,,10002,9,10004.0,2.0,10005.0,21.0,9999.0
874,-1,43700,PEARLS,9996,1,9995.0,23.0,,,10004,1,10005.0,23.0,,,10000.0
875,-1,43700,BANANAS,4946,1,4945.0,23.0,,,4952,24,,,,,4949.0
876,-1,43800,PEARLS,9996,2,9995.0,26.0,,,10004,2,10005.0,26.0,,,10000.0
877,-1,43800,BANANAS,4945,28,,,,,4951,2,4952.0,26.0,,,4948.0
878,-1,43900,PEARLS,10002,4,9998.0,2.0,9996.0,1.0,10004,1,10005.0,29.0,,,10003.0
879,-1,43900,BANANAS,4946,2,4945.0,30.0,,,4951,1,4952.0,29.0,,,4948.5
880,-1,44000,BANANAS,4945,22,,,,,4951,22,,,,,4948.0
881,-1,44000,PEARLS,9996,2,9995.0,20.0,,,10004,2,10005.0,20.0,,,10000.0
882,-1,44100,PEARLS,9995,24,,,,,9998,1,10002.0,2.0,10005.0,24.0,9996.5
883,-1,44100,BANANAS,4944,24,,,,,4949,2,4951.0,24.0,,,4946.5
884,-1,44200,PEARLS,9995,21,,,,,10005,21,,,,,10000.0
885,-1,44200,BANANAS,4944,21,,,,,4951,21,,,,,4947.5
886,-1,44300,PEARLS,9995,27,,,,,10005,27,,,,,10000.0
887,-1,44300,BANANAS,4945,27,,,,,4952,27,,,,,4948.5
888,-1,44400,BANANAS,4946,7,4945.0,28.0,,,4952,28,,,,,4949.0
889,-1,44400,PEARLS,9998,7,9995.0,28.0,,,10005,28,,,,,10001.5
890,-1,44500,PEARLS,9995,21,,,,,10005,21,,,,,10000.0
891,-1,44500,BANANAS,4951,1,4945.0,21.0,,,4952,21,,,,,4951.5
892,-1,44600,PEARLS,9996,1,9995.0,23.0,,,10004,1,10005.0,23.0,,,10000.0
893,-1,44600,BANANAS,4945,24,,,,,4952,24,,,,,4948.5
894,-1,44700,PEARLS,9995,29,,,,,10002,10,10005.0,29.0,,,9998.5
895,-1,44700,BANANAS,4944,29,,,,,4949,10,4951.0,29.0,,,4946.5
896,-1,44800,BANANAS,4944,29,,,,,4949,10,4951.0,29.0,,,4946.5
897,-1,44800,PEARLS,9995,29,,,,,9998,1,10002.0,10.0,10005.0,29.0,9996.5
898,-1,44900,PEARLS,9996,1,9995.0,25.0,,,10004,1,10005.0,25.0,,,10000.0
899,-1,44900,BANANAS,4945,26,,,,,4951,1,4952.0,25.0,,,4948.0
900,-1,45000,PEARLS,10002,1,9996.0,2.0,9995.0,24.0,10004,2,10005.0,24.0,,,10003.0
901,-1,45000,BANANAS,4945,26,,,,,4951,2,4952.0,24.0,,,4948.0
902,-1,45100,PEARLS,9996,1,9995.0,26.0,,,10004,1,10005.0,26.0,,,10000.0
903,-1,45100,BANANAS,4945,27,,,,,4951,1,4952.0,26.0,,,4948.0
904,-1,45200,BANANAS,4945,29,,,,,4952,29,,,,,4948.5
905,-1,45200,PEARLS,9996,1,9995.0,28.0,,,10004,1,10005.0,28.0,,,10000.0
906,-1,45300,BANANAS,4945,22,,,,,4952,22,,,,,4948.5
907,-1,45300,PEARLS,9995,22,,,,,10005,22,,,,,10000.0
908,-1,45400,PEARLS,9996,2,9995.0,21.0,,,9998,1,10004.0,2.0,10005.0,21.0,9997.0
909,-1,45400,BANANAS,4946,22,,,,,4952,2,4953.0,21.0,,,4949.0
910,-1,45500,BANANAS,4946,1,4945.0,24.0,,,4952,25,,,,,4949.0
911,-1,45500,PEARLS,9996,1,9995.0,24.0,,,10000,3,10004.0,1.0,10005.0,24.0,9998.0
912,-1,45600,BANANAS,4945,26,,,,,4950,5,4952.0,26.0,,,4947.5
913,-1,45600,PEARLS,9995,26,,,,,10002,5,10005.0,26.0,,,9998.5
914,-1,45700,PEARLS,9995,24,,,,,10005,24,,,,,10000.0
915,-1,45700,BANANAS,4945,24,,,,,4952,24,,,,,4948.5
916,-1,45800,PEARLS,9996,1,9995.0,27.0,,,10004,1,10005.0,27.0,,,10000.0
917,-1,45800,BANANAS,4945,27,,,,,4952,28,,,,,4948.5
918,-1,45900,PEARLS,9996,1,9995.0,30.0,,,10004,1,10005.0,30.0,,,10000.0
919,-1,45900,BANANAS,4946,1,4945.0,30.0,,,4952,31,,,,,4949.0
920,-1,46000,BANANAS,4946,26,,,,,4952,2,4953.0,24.0,,,4949.0
921,-1,46000,PEARLS,9996,2,9995.0,24.0,,,10004,2,10005.0,24.0,,,10000.0
922,-1,46100,PEARLS,9998,6,9996.0,2.0,9995.0,23.0,10004,2,10005.0,23.0,,,10001.0
923,-1,46100,BANANAS,4946,6,4945.0,25.0,,,4952,25,,,,,4949.0
924,-1,46200,PEARLS,9998,2,9996.0,1.0,9995.0,27.0,10004,1,10005.0,27.0,,,10001.0
925,-1,46200,BANANAS,4946,2,4945.0,28.0,,,4948,6,4951.0,1.0,4952.0,27.0,4947.0
926,-1,46300,PEARLS,9996,2,9995.0,27.0,,,10004,2,10005.0,27.0,,,10000.0
927,-1,46300,BANANAS,4945,2,4944.0,27.0,,,4951,29,,,,,4948.0
928,-1,46400,BANANAS,4944,22,,,,,4951,22,,,,,4947.5
929,-1,46400,PEARLS,9995,22,,,,,10005,22,,,,,10000.0
930,-1,46500,PEARLS,10000,6,9996.0,1.0,9995.0,30.0,10004,1,10005.0,30.0,,,10002.0
931,-1,46500,BANANAS,4944,31,,,,,4951,31,,,,,4947.5
932,-1,46600,PEARLS,9998,10,9996.0,1.0,9995.0,27.0,10004,1,10005.0,27.0,,,10001.0
933,-1,46600,BANANAS,4945,10,4944.0,28.0,,,4951,28,,,,,4948.0
934,-1,46700,PEARLS,9995,26,,,,,10005,26,,,,,10000.0
935,-1,46700,BANANAS,4944,26,,,,,4951,26,,,,,4947.5
936,-1,46800,BANANAS,4945,1,4944.0,21.0,,,4951,22,,,,,4948.0
937,-1,46800,PEARLS,9996,1,9995.0,21.0,,,10004,1,10005.0,21.0,,,10000.0
938,-1,46900,BANANAS,4950,1,4944.0,32.0,,,4951,32,,,,,4950.5
939,-1,46900,PEARLS,9996,2,9995.0,30.0,,,10004,2,10005.0,30.0,,,10000.0
940,-1,47000,PEARLS,9996,1,9995.0,20.0,,,10004,1,10005.0,20.0,,,10000.0
941,-1,47000,BANANAS,4944,21,,,,,4950,1,4951.0,20.0,,,4947.0
942,-1,47100,BANANAS,4944,26,,,,,4951,26,,,,,4947.5
943,-1,47100,PEARLS,9996,2,9995.0,24.0,,,9998,1,10004.0,2.0,10005.0,24.0,9997.0
944,-1,47200,BANANAS,4945,2,4944.0,28.0,,,4951,30,,,,,4948.0
945,-1,47200,PEARLS,10002,1,9996.0,2.0,9995.0,28.0,10004,2,10005.0,28.0,,,10003.0
946,-1,47300,BANANAS,4945,3,4944.0,25.0,,,4951,25,,,,,4948.0
947,-1,47300,PEARLS,10002,1,9998.0,3.0,9995.0,25.0,10005,25,,,,,10003.5
948,-1,47400,PEARLS,9995,24,,,,,10002,9,10005.0,24.0,,,9998.5
949,-1,47400,BANANAS,4945,24,,,,,4950,9,4952.0,24.0,,,4947.5
950,-1,47500,BANANAS,4944,30,,,,,4948,5,4950.0,30.0,,,4946.0
951,-1,47500,PEARLS,9995,30,,,,,10002,1,10005.0,30.0,,,9998.5
952,-1,47600,BANANAS,4944,1,4943.0,27.0,,,4950,28,,,,,4947.0
953,-1,47600,PEARLS,9996,1,9995.0,27.0,,,10004,1,10005.0,27.0,,,10000.0
954,-1,47700,BANANAS,4943,23,,,,,4948,8,4949.0,1.0,4950.0,22.0,4945.5
955,-1,47700,PEARLS,9996,1,9995.0,22.0,,,10002,8,10004.0,1.0,10005.0,22.0,9999.0
956,-1,47800,PEARLS,9996,1,9995.0,22.0,,,10002,8,10004.0,1.0,10005.0,22.0,9999.0
957,-1,47800,BANANAS,4943,23,,,,,4948,8,4949.0,1.0,4950.0,22.0,4945.5
958,-1,47900,BANANAS,4943,27,,,,,4949,27,,,,,4946.0
959,-1,47900,PEARLS,10002,1,9995.0,27.0,,,10005,27,,,,,10003.5
960,-1,48000,BANANAS,4942,27,,,,,4949,27,,,,,4945.5
961,-1,48000,PEARLS,9995,27,,,,,10005,27,,,,,10000.0
962,-1,48100,BANANAS,4942,21,,,,,4947,9,4949.0,21.0,,,4944.5
963,-1,48100,PEARLS,9995,21,,,,,10002,9,10005.0,21.0,,,9998.5
964,-1,48200,PEARLS,9998,5,9995.0,25.0,,,10005,25,,,,,10001.5
965,-1,48200,BANANAS,4943,5,4942.0,25.0,,,4944,1,4949.0,25.0,,,4943.5
966,-1,48300,BANANAS,4947,2,4942.0,29.0,,,4949,29,,,,,4948.0
967,-1,48300,PEARLS,9996,1,9995.0,28.0,,,9998,1,10000.0,5.0,10004.0,1.0,9997.0
968,-1,48400,BANANAS,4942,27,,,,,4947,7,4949.0,27.0,,,4944.5
969,-1,48400,PEARLS,9995,27,,,,,10002,7,10005.0,27.0,,,9998.5
970,-1,48500,BANANAS,4942,29,,,,,4949,29,,,,,4945.5
971,-1,48500,PEARLS,9995,29,,,,,9998,1,10005.0,29.0,,,9996.5
972,-1,48600,PEARLS,9996,1,9995.0,28.0,,,10004,1,10005.0,28.0,,,10000.0
973,-1,48600,BANANAS,4942,28,,,,,4943,4,4948.0,1.0,4949.0,28.0,4942.5
974,-1,48700,BANANAS,4941,23,,,,,4948,23,,,,,4944.5
975,-1,48700,PEARLS,9996,1,9995.0,22.0,,,10004,1,10005.0,22.0,,,10000.0
976,-1,48800,BANANAS,4942,24,,,,,4949,24,,,,,4945.5
977,-1,48800,PEARLS,9996,1,9995.0,23.0,,,10004,1,10005.0,23.0,,,10000.0
978,-1,48900,BANANAS,4941,27,,,,,4948,27,,,,,4944.5
979,-1,48900,PEARLS,9995,27,,,,,10005,27,,,,,10000.0
980,-1,49000,PEARLS,9996,2,9995.0,30.0,,,10004,2,10005.0,30.0,,,10000.0
981,-1,49000,BANANAS,4941,32,,,,,4942,1,4948.0,32.0,,,4941.5
982,-1,49100,BANANAS,4941,32,,,,,4947,2,4948.0,30.0,,,4944.0
983,-1,49100,PEARLS,9996,2,9995.0,30.0,,,10004,2,10005.0,30.0,,,10000.0
984,-1,49200,BANANAS,4940,21,,,,,4946,1,4947.0,20.0,,,4943.0
985,-1,49200,PEARLS,9996,1,9995.0,20.0,,,10004,1,10005.0,20.0,,,10000.0
986,-1,49300,BANANAS,4941,8,4940.0,22.0,,,4946,22,,,,,4943.5
987,-1,49300,PEARLS,9998,9,9996.0,1.0,9995.0,21.0,10004,1,10005.0,21.0,,,10001.0
988,-1,49400,PEARLS,9995,20,,,,,10005,20,,,,,10000.0
989,-1,49400,BANANAS,4940,20,,,,,4947,20,,,,,4943.5
990,-1,49500,BANANAS,4941,2,4940.0,30.0,,,4947,32,,,,,4944.0
991,-1,49500,PEARLS,9996,2,9995.0,30.0,,,10004,2,10005.0,30.0,,,10000.0
992,-1,49600,BANANAS,4946,1,4940.0,24.0,,,4947,24,,,,,4946.5
993,-1,49600,PEARLS,9995,24,,,,,10005,24,,,,,10000.0
994,-1,49700,BANANAS,4942,7,4941.0,28.0,,,4947,2,4948.0,26.0,,,4944.5
995,-1,49700,PEARLS,9998,7,9996.0,2.0,9995.0,26.0,10004,2,10005.0,26.0,,,10001.0
996,-1,49800,BANANAS,4941,25,,,,,4948,25,,,,,4944.5
997,-1,49800,PEARLS,9996,2,9995.0,23.0,,,10004,2,10005.0,23.0,,,10000.0
998,-1,49900,PEARLS,9998,3,9995.0,23.0,,,10005,23,,,,,10001.5
999,-1,49900,BANANAS,4942,9,4941.0,23.0,,,4948,23,,,,,4945.0
1000,-1,50000,BANANAS,4940,21,,,,,4947,21,,,,,4943.5
1001,-1,50000,PEARLS,9996,1,9995.0,20.0,,,10004,1,10005.0,20.0,,,10000.0
1002,-1,50100,BANANAS,4941,24,,,,,4948,24,,,,,4944.5
1003,-1,50100,PEARLS,9995,24,,,,,10005,24,,,,,10000.0
1004,-1,50200,PEARLS,9995,24,,,,,10005,24,,,,,10000.0
1005,-1,50200,BANANAS,4941,24,,,,,4948,24,,,,,4944.5
1006,-1,50300,PEARLS,9995,30,,,,,10002,10,10005.0,30.0,,,9998.5
1007,-1,50300,BANANAS,4941,30,,,,,4946,10,4948.0,30.0,,,4943.5
1008,-1,50400,PEARLS,9998,4,9996.0,1.0,9995.0,22.0,10000,2,10004.0,1.0,10005.0,22.0,9999.0
1009,-1,50400,BANANAS,4942,6,4941.0,22.0,,,4948,23,,,,,4945.0
1010,-1,50500,BANANAS,4942,2,4941.0,23.0,,,4948,25,,,,,4945.0
1011,-1,50500,PEARLS,9996,2,9995.0,23.0,,,10004,2,10005.0,23.0,,,10000.0
1012,-1,50600,PEARLS,10002,1,9996.0,2.0,9995.0,21.0,10004,2,10005.0,21.0,,,10003.0
1013,-1,50600,BANANAS,4942,23,,,,,4948,2,4949.0,21.0,,,4945.0
1014,-1,50700,PEARLS,9996,2,9995.0,22.0,,,10004,2,10005.0,22.0,,,10000.0
1015,-1,50700,BANANAS,4942,2,4941.0,22.0,,,4944,2,4948.0,24.0,,,4943.0
1016,-1,50800,PEARLS,10002,5,9996.0,2.0,9995.0,22.0,10004,2,10005.0,22.0,,,10003.0
1017,-1,50800,BANANAS,4947,1,4942.0,2.0,4941.0,22.0,4948,24,,,,,4947.5
1018,-1,50900,BANANAS,4941,28,,,,,4948,28,,,,,4944.5
1019,-1,50900,PEARLS,9996,1,9995.0,27.0,,,10004,1,10005.0,27.0,,,10000.0
1020,-1,51000,PEARLS,9996,2,9995.0,26.0,,,10004,2,10005.0,26.0,,,10000.0
1021,-1,51000,BANANAS,4942,2,4941.0,26.0,,,4948,28,,,,,4945.0
1022,-1,51100,PEARLS,9998,6,9996.0,1.0,9995.0,25.0,10004,1,10005.0,25.0,,,10001.0
1023,-1,51100,BANANAS,4942,6,4941.0,26.0,,,4948,26,,,,,4945.0
1024,-1,51200,PEARLS,9996,2,9995.0,28.0,,,10004,2,10005.0,28.0,,,10000.0
1025,-1,51200,BANANAS,4941,2,4940.0,28.0,,,4947,30,,,,,4944.0
1026,-1,51300,PEARLS,9996,1,9995.0,24.0,,,10004,1,10005.0,24.0,,,10000.0
1027,-1,51300,BANANAS,4941,25,,,,,4942,12,4947.0,25.0,,,4941.5
1028,-1,51400,BANANAS,4941,30,,,,,4946,3,4948.0,30.0,,,4943.5
1029,-1,51400,PEARLS,9995,30,,,,,10002,3,10005.0,30.0,,,9998.5
1030,-1,51500,PEARLS,9995,30,,,,,10005,30,,,,,10000.0
1031,-1,51500,BANANAS,4946,1,4941.0,30.0,,,4948,30,,,,,4947.0
1032,-1,51600,PEARLS,10000,5,9996.0,2.0,9995.0,22.0,10002,1,10004.0,2.0,10005.0,22.0,10001.0
1033,-1,51600,BANANAS,4945,5,4941.0,24.0,,,4946,1,4947.0,2.0,4948.0,22.0,4945.5
1034,-1,51700,PEARLS,9995,20,,,,,10005,20,,,,,10000.0
1035,-1,51700,BANANAS,4941,20,,,,,4948,20,,,,,4944.5
1036,-1,51800,BANANAS,4942,1,4941.0,24.0,,,4948,25,,,,,4945.0
1037,-1,51800,PEARLS,9996,1,9995.0,24.0,,,10004,1,10005.0,24.0,,,10000.0
1038,-1,51900,PEARLS,9996,1,9995.0,23.0,,,10004,1,10005.0,23.0,,,10000.0
1039,-1,51900,BANANAS,4941,24,,,,,4948,24,,,,,4944.5
1040,-1,52000,PEARLS,9998,3,9995.0,29.0,,,10005,29,,,,,10001.5
1041,-1,52000,BANANAS,4942,3,4941.0,29.0,,,4948,29,,,,,4945.0
1042,-1,52100,PEARLS,9995,21,,,,,10005,21,,,,,10000.0
1043,-1,52100,BANANAS,4940,21,,,,,4947,21,,,,,4943.5
1044,-1,52200,BANANAS,4941,31,,,,,4942,2,4947.0,2.0,4948.0,29.0,4941.5
1045,-1,52200,PEARLS,9996,2,9995.0,29.0,,,10004,2,10005.0,29.0,,,10000.0
1046,-1,52300,PEARLS,10002,1,9996.0,1.0,9995.0,27.0,10004,1,10005.0,27.0,,,10003.0
1047,-1,52300,BANANAS,4946,1,4941.0,1.0,4940.0,27.0,4947,28,,,,,4946.5
1048,-1,52400,PEARLS,9998,3,9996.0,1.0,9995.0,29.0,10004,1,10005.0,29.0,,,10001.0
1049,-1,52400,BANANAS,4941,4,4940.0,29.0,,,4947,30,,,,,4944.0
1050,-1,52500,PEARLS,9996,1,9995.0,27.0,,,9998,1,10004.0,1.0,10005.0,27.0,9997.0
1051,-1,52500,BANANAS,4946,1,4941.0,1.0,4940.0,27.0,4947,28,,,,,4946.5
1052,-1,52600,BANANAS,4942,1,4941.0,23.0,,,4947,1,4948.0,22.0,,,4944.5
1053,-1,52600,PEARLS,9998,1,9996.0,1.0,9995.0,22.0,10000,4,10004.0,1.0,10005.0,22.0,9999.0
1054,-1,52700,PEARLS,9996,2,9995.0,25.0,,,10004,2,10005.0,25.0,,,10000.0
1055,-1,52700,BANANAS,4941,26,,,,,4947,2,4948.0,25.0,,,4944.0
1056,-1,52800,PEARLS,9995,26,,,,,10005,26,,,,,10000.0
1057,-1,52800,BANANAS,4941,26,,,,,4948,26,,,,,4944.5
1058,-1,52900,PEARLS,9995,30,,,,,10005,30,,,,,10000.0
1059,-1,52900,BANANAS,4941,30,,,,,4948,30,,,,,4944.5
1060,-1,53000,BANANAS,4942,1,4941.0,20.0,,,4948,21,,,,,4945.0
1061,-1,53000,PEARLS,10002,1,9996.0,1.0,9995.0,20.0,10004,1,10005.0,20.0,,,10003.0
1062,-1,53100,PEARLS,9995,24,,,,,10005,24,,,,,10000.0
1063,-1,53100,BANANAS,4943,24,,,,,4950,24,,,,,4946.5
1064,-1,53200,PEARLS,9996,1,9995.0,30.0,,,10004,1,10005.0,30.0,,,10000.0
1065,-1,53200,BANANAS,4948,1,4943.0,31.0,,,4950,31,,,,,4949.0
1066,-1,53300,PEARLS,9995,29,,,,,10005,29,,,,,10000.0
1067,-1,53300,BANANAS,4943,29,,,,,4950,29,,,,,4946.5
1068,-1,53400,BANANAS,4943,6,4942.0,25.0,,,4949,25,,,,,4946.0
1069,-1,53400,PEARLS,9998,6,9996.0,2.0,9995.0,23.0,10004,2,10005.0,23.0,,,10001.0
1070,-1,53500,PEARLS,9996,2,9995.0,21.0,,,10002,1,10004.0,2.0,10005.0,21.0,9999.0
1071,-1,53500,BANANAS,4943,23,,,,,4948,1,4949.0,2.0,4950.0,21.0,4945.5
1072,-1,53600,PEARLS,9995,24,,,,,9998,9,10005.0,24.0,,,9996.5
1073,-1,53600,BANANAS,4942,24,,,,,4949,24,,,,,4945.5
1074,-1,53700,PEARLS,9998,1,9995.0,30.0,,,10005,30,,,,,10001.5
1075,-1,53700,BANANAS,4944,1,4943.0,30.0,,,4950,30,,,,,4947.0
1076,-1,53800,BANANAS,4943,30,,,,,4950,30,,,,,4946.5
1077,-1,53800,PEARLS,10002,3,9995.0,30.0,,,10005,30,,,,,10003.5
1078,-1,53900,PEARLS,9996,2,9995.0,25.0,,,10004,2,10005.0,25.0,,,10000.0
1079,-1,53900,BANANAS,4947,1,4944.0,27.0,,,4950,2,4951.0,25.0,,,4948.5
1080,-1,54000,PEARLS,9998,6,9996.0,1.0,9995.0,30.0,10004,1,10005.0,30.0,,,10001.0
1081,-1,54000,BANANAS,4945,7,4944.0,30.0,,,4951,31,,,,,4948.0
1082,-1,54100,PEARLS,9998,2,9996.0,2.0,9995.0,22.0,10004,2,10005.0,22.0,,,10001.0
1083,-1,54100,BANANAS,4945,2,4944.0,24.0,,,4951,24,,,,,4948.0
1084,-1,54200,BANANAS,4943,28,,,,,4944,8,4950.0,28.0,,,4943.5
1085,-1,54200,PEARLS,9995,28,,,,,10005,28,,,,,10000.0
1086,-1,54300,BANANAS,4949,1,4944.0,25.0,,,4950,2,4951.0,23.0,,,4949.5
1087,-1,54300,PEARLS,9996,2,9995.0,23.0,,,10004,2,10005.0,23.0,,,10000.0
1088,-1,54400,PEARLS,9995,29,,,,,10005,29,,,,,10000.0
1089,-1,54400,BANANAS,4944,29,,,,,4951,29,,,,,4947.5
1090,-1,54500,BANANAS,4944,21,,,,,4951,21,,,,,4947.5
1091,-1,54500,PEARLS,9996,1,9995.0,20.0,,,10004,1,10005.0,20.0,,,10000.0
1092,-1,54600,BANANAS,4944,27,,,,,4951,27,,,,,4947.5
1093,-1,54600,PEARLS,10002,3,9995.0,27.0,,,10005,27,,,,,10003.5
1094,-1,54700,PEARLS,9996,2,9995.0,27.0,,,10004,2,10005.0,27.0,,,10000.0
1095,-1,54700,BANANAS,4944,2,4943.0,27.0,,,4950,29,,,,,4947.0
1096,-1,54800,PEARLS,9998,8,9995.0,27.0,,,10005,27,,,,,10001.5
1097,-1,54800,BANANAS,4944,8,4943.0,27.0,,,4950,27,,,,,4947.0
1098,-1,54900,PEARLS,9996,1,9995.0,28.0,,,10002,3,10004.0,1.0,10005.0,28.0,9999.0
1099,-1,54900,BANANAS,4943,1,4942.0,28.0,,,4947,3,4949.0,29.0,,,4945.0
1100,-1,55000,BANANAS,4943,29,,,,,4948,8,4949.0,30.0,,,4945.5
1101,-1,55000,PEARLS,9996,2,9995.0,28.0,,,10002,8,10004.0,2.0,10005.0,28.0,9999.0
1102,-1,55100,PEARLS,9995,29,,,,,10005,29,,,,,10000.0
1103,-1,55100,BANANAS,4943,29,,,,,4950,29,,,,,4946.5
1104,-1,55200,PEARLS,9996,2,9995.0,21.0,,,10004,2,10005.0,21.0,,,10000.0
1105,-1,55200,BANANAS,4943,23,,,,,4950,23,,,,,4946.5
1106,-1,55300,PEARLS,9996,2,9995.0,27.0,,,9998,1,10002.0,2.0,10004.0,2.0,9997.0
1107,-1,55300,BANANAS,4944,2,4943.0,27.0,,,4948,2,4950.0,29.0,,,4946.0
1108,-1,55400,BANANAS,4948,3,4944.0,4.0,4943.0,21.0,4950,22,,,,,4949.0
1109,-1,55400,PEARLS,9998,3,9996.0,1.0,9995.0,21.0,10004,1,10005.0,21.0,,,10001.0
1110,-1,55500,PEARLS,9995,25,,,,,10002,9,10005.0,25.0,,,9998.5
1111,-1,55500,BANANAS,4946,6,4943.0,25.0,,,4947,8,4949.0,25.0,,,4946.5
1112,-1,55600,PEARLS,9995,26,,,,,10005,26,,,,,10000.0
1113,-1,55600,BANANAS,4942,26,,,,,4949,26,,,,,4945.5
1114,-1,55700,BANANAS,4943,23,,,,,4949,2,4950.0,21.0,,,4946.0
1115,-1,55700,PEARLS,9996,2,9995.0,21.0,,,10004,2,10005.0,21.0,,,10000.0
1116,-1,55800,BANANAS,4944,6,4943.0,27.0,,,4950,27,,,,,4947.0
1117,-1,55800,PEARLS,9998,6,9996.0,1.0,9995.0,26.0,10004,1,10005.0,26.0,,,10001.0
1118,-1,55900,BANANAS,4943,22,,,,,4950,22,,,,,4946.5
1119,-1,55900,PEARLS,9995,22,,,,,10005,22,,,,,10000.0
1120,-1,56000,PEARLS,9996,2,9995.0,22.0,,,10002,10,10004.0,2.0,10005.0,22.0,9999.0
1121,-1,56000,BANANAS,4943,24,,,,,4948,10,4950.0,24.0,,,4945.5
1122,-1,56100,BANANAS,4943,22,,,,,4950,22,,,,,4946.5
1123,-1,56100,PEARLS,9996,2,9995.0,20.0,,,10004,2,10005.0,20.0,,,10000.0
1124,-1,56200,BANANAS,4943,30,,,,,4950,30,,,,,4946.5
1125,-1,56200,PEARLS,9996,1,9995.0,29.0,,,10004,1,10005.0,29.0,,,10000.0
1126,-1,56300,BANANAS,4943,27,,,,,4950,27,,,,,4946.5
1127,-1,56300,PEARLS,10002,1,9996.0,2.0,9995.0,25.0,10004,2,10005.0,25.0,,,10003.0
1128,-1,56400,PEARLS,9996,1,9995.0,30.0,,,10004,1,10005.0,30.0,,,10000.0
1129,-1,56400,BANANAS,4943,31,,,,,4949,1,4950.0,30.0,,,4946.0
1130,-1,56500,BANANAS,4943,29,,,,,4949,2,4950.0,27.0,,,4946.0
1131,-1,56500,PEARLS,9996,2,9995.0,27.0,,,10004,2,10005.0,27.0,,,10000.0
1132,-1,56600,BANANAS,4943,31,,,,,4947,4,4949.0,31.0,,,4945.0
1133,-1,56600,PEARLS,9996,2,9995.0,29.0,,,10002,4,10004.0,2.0,10005.0,29.0,9999.0
1134,-1,56700,BANANAS,4944,3,4943.0,26.0,,,4949,2,4950.0,24.0,,,4946.5
1135,-1,56700,PEARLS,9998,3,9996.0,2.0,9995.0,24.0,10000,2,10004.0,2.0,10005.0,24.0,9999.0
1136,-1,56800,PEARLS,10002,1,9998.0,10.0,9996.0,2.0,10004,2,10005.0,22.0,,,10003.0
1137,-1,56800,BANANAS,4944,10,4943.0,24.0,,,4949,2,4950.0,22.0,,,4946.5
1138,-1,56900,BANANAS,4943,22,,,,,4949,2,4950.0,20.0,,,4946.0
1139,-1,56900,PEARLS,9996,2,9995.0,20.0,,,10004,2,10005.0,20.0,,,10000.0
1140,-1,57000,BANANAS,4943,28,,,,,4949,28,,,,,4946.0
1141,-1,57000,PEARLS,9996,1,9995.0,27.0,,,10004,1,10005.0,27.0,,,10000.0
1142,-1,57100,BANANAS,4943,27,,,,,4949,2,4950.0,25.0,,,4946.0
1143,-1,57100,PEARLS,9996,2,9995.0,25.0,,,10004,2,10005.0,25.0,,,10000.0
1144,-1,57200,PEARLS,10002,2,9996.0,1.0,9995.0,26.0,10004,1,10005.0,26.0,,,10003.0
1145,-1,57200,BANANAS,4948,1,4943.0,27.0,,,4949,1,4950.0,26.0,,,4948.5
1146,-1,57300,BANANAS,4943,27,,,,,4948,9,4950.0,27.0,,,4945.5
1147,-1,57300,PEARLS,9996,1,9995.0,26.0,,,10002,9,10004.0,1.0,10005.0,26.0,9999.0
1148,-1,57400,BANANAS,4943,24,,,,,4950,24,,,,,4946.5
1149,-1,57400,PEARLS,9995,24,,,,,10005,24,,,,,10000.0
1150,-1,57500,BANANAS,4945,5,4944.0,25.0,,,4951,25,,,,,4948.0
1151,-1,57500,PEARLS,9998,5,9996.0,2.0,9995.0,23.0,10004,2,10005.0,23.0,,,10001.0
1152,-1,57600,PEARLS,9995,24,,,,,10005,24,,,,,10000.0
1153,-1,57600,BANANAS,4944,24,,,,,4951,24,,,,,4947.5
1154,-1,57700,BANANAS,4944,29,,,,,4951,29,,,,,4947.5
1155,-1,57700,PEARLS,9995,29,,,,,10005,29,,,,,10000.0
1156,-1,57800,BANANAS,4945,4,4944.0,29.0,,,4951,31,,,,,4948.0
1157,-1,57800,PEARLS,9998,1,9996.0,2.0,9995.0,29.0,10004,2,10005.0,29.0,,,10001.0
1158,-1,57900,BANANAS,4948,4,4944.0,27.0,,,4950,2,4951.0,25.0,,,4949.0
1159,-1,57900,PEARLS,9996,2,9995.0,25.0,,,9998,1,10000.0,6.0,10004.0,2.0,9997.0
1160,-1,58000,PEARLS,9996,1,9995.0,24.0,,,9998,4,10004.0,1.0,10005.0,24.0,9997.0
1161,-1,58000,BANANAS,4944,25,,,,,4950,1,4951.0,24.0,,,4947.0
1162,-1,58100,BANANAS,4943,23,,,,,4950,23,,,,,4946.5
1163,-1,58100,PEARLS,9995,23,,,,,10005,23,,,,,10000.0
1164,-1,58200,BANANAS,4944,31,,,,,4950,1,4951.0,30.0,,,4947.0
1165,-1,58200,PEARLS,9996,1,9995.0,30.0,,,10004,1,10005.0,30.0,,,10000.0
1166,-1,58300,BANANAS,4944,29,,,,,4951,29,,,,,4947.5
1167,-1,58300,PEARLS,9995,29,,,,,10005,29,,,,,10000.0
1168,-1,58400,PEARLS,9996,2,9995.0,21.0,,,10004,2,10005.0,21.0,,,10000.0
1169,-1,58400,BANANAS,4945,2,4944.0,21.0,,,4951,23,,,,,4948.0
1170,-1,58500,BANANAS,4945,21,,,,,4949,1,4951.0,21.0,,,4947.0
1171,-1,58500,PEARLS,9995,21,,,,,10002,1,10005.0,21.0,,,9998.5
1172,-1,58600,BANANAS,4944,25,,,,,4951,25,,,,,4947.5
1173,-1,58600,PEARLS,10002,1,9995.0,25.0,,,10005,25,,,,,10003.5
1174,-1,58700,BANANAS,4945,2,4944.0,30.0,,,4951,32,,,,,4948.0
1175,-1,58700,PEARLS,9996,2,9995.0,30.0,,,10004,2,10005.0,30.0,,,10000.0
1176,-1,58800,BANANAS,4944,29,,,,,4949,1,4951.0,29.0,,,4946.5
1177,-1,58800,PEARLS,9995,29,,,,,10002,1,10005.0,29.0,,,9998.5
1178,-1,58900,PEARLS,9996,1,9995.0,24.0,,,10004,1,10005.0,24.0,,,10000.0
1179,-1,58900,BANANAS,4944,25,,,,,4951,25,,,,,4947.5
1180,-1,59000,PEARLS,9996,2,9995.0,20.0,,,10004,2,10005.0,20.0,,,10000.0
1181,-1,59000,BANANAS,4945,2,4944.0,20.0,,,4951,22,,,,,4948.0
1182,-1,59100,BANANAS,4944,27,,,,,4951,27,,,,,4947.5
1183,-1,59100,PEARLS,9995,27,,,,,10005,27,,,,,10000.0
1184,-1,59200,PEARLS,9998,4,9996.0,2.0,9995.0,29.0,10004,2,10005.0,29.0,,,10001.0
1185,-1,59200,BANANAS,4947,3,4945.0,4.0,4944.0,31.0,4951,31,,,,,4949.0
1186,-1,59300,PEARLS,9996,1,9995.0,26.0,,,10004,1,10005.0,26.0,,,10000.0
1187,-1,59300,BANANAS,4944,26,,,,,4950,1,4951.0,26.0,,,4947.0
1188,-1,59400,PEARLS,9996,1,9995.0,21.0,,,10004,1,10005.0,21.0,,,10000.0
1189,-1,59400,BANANAS,4944,22,,,,,4951,22,,,,,4947.5
1190,-1,59500,BANANAS,4944,23,,,,,4950,23,,,,,4947.0
1191,-1,59500,PEARLS,10002,5,9995.0,23.0,,,10005,23,,,,,10003.5
1192,-1,59600,PEARLS,9996,2,9995.0,27.0,,,10004,2,10005.0,27.0,,,10000.0
1193,-1,59600,BANANAS,4944,29,,,,,4951,29,,,,,4947.5
1194,-1,59700,PEARLS,9995,21,,,,,10005,21,,,,,10000.0
1195,-1,59700,BANANAS,4944,21,,,,,4951,21,,,,,4947.5
1196,-1,59800,PEARLS,9996,1,9995.0,24.0,,,10004,1,10005.0,24.0,,,10000.0
1197,-1,59800,BANANAS,4945,1,4944.0,24.0,,,4951,25,,,,,4948.0
1198,-1,59900,BANANAS,4945,24,,,,,4950,6,4951.0,1.0,4952.0,23.0,4947.5
1199,-1,59900,PEARLS,9996,1,9995.0,23.0,,,10002,6,10004.0,1.0,10005.0,23.0,9999.0
1200,-1,60000,PEARLS,9998,3,9995.0,22.0,,,10005,22,,,,,10001.5
1201,-1,60000,BANANAS,4946,3,4945.0,22.0,,,4952,22,,,,,4949.0
1202,-1,60100,PEARLS,9996,2,9995.0,25.0,,,10004,2,10005.0,25.0,,,10000.0
1203,-1,60100,BANANAS,4946,2,4945.0,25.0,,,4952,27,,,,,4949.0
1204,-1,60200,PEARLS,9995,25,,,,,10005,25,,,,,10000.0
1205,-1,60200,BANANAS,4950,3,4945.0,25.0,,,4952,25,,,,,4951.0
1206,-1,60300,PEARLS,9996,1,9995.0,27.0,,,10004,1,10005.0,27.0,,,10000.0
1207,-1,60300,BANANAS,4945,28,,,,,4952,28,,,,,4948.5
1208,-1,60400,BANANAS,4946,1,4945.0,20.0,,,4952,21,,,,,4949.0
1209,-1,60400,PEARLS,9996,1,9995.0,20.0,,,9998,1,10004.0,1.0,10005.0,20.0,9997.0
1210,-1,60500,PEARLS,9996,1,9995.0,23.0,,,10004,1,10005.0,23.0,,,10000.0
1211,-1,60500,BANANAS,4946,1,4945.0,23.0,,,4952,24,,,,,4949.0
1212,-1,60600,PEARLS,9996,2,9995.0,22.0,,,10004,2,10005.0,22.0,,,10000.0
1213,-1,60600,BANANAS,4946,2,4945.0,22.0,,,4952,24,,,,,4949.0
1214,-1,60700,PEARLS,9995,22,,,,,10005,22,,,,,10000.0
1215,-1,60700,BANANAS,4951,1,4950.0,2.0,4946.0,22.0,4953,22,,,,,4952.0
1216,-1,60800,BANANAS,4945,31,,,,,4952,32,,,,,4948.5
1217,-1,60800,PEARLS,10002,10,9996.0,2.0,9995.0,30.0,10004,2,10005.0,30.0,,,10003.0
1218,-1,60900,PEARLS,9996,2,9995.0,29.0,,,10004,2,10005.0,29.0,,,10000.0
1219,-1,60900,BANANAS,4945,2,4944.0,29.0,,,4951,31,,,,,4948.0
1220,-1,61000,PEARLS,9995,28,,,,,10005,28,,,,,10000.0
1221,-1,61000,BANANAS,4944,28,,,,,4951,28,,,,,4947.5
1222,-1,61100,PEARLS,9995,29,,,,,10005,29,,,,,10000.0
1223,-1,61100,BANANAS,4944,29,,,,,4947,5,4951.0,29.0,,,4945.5
1224,-1,61200,BANANAS,4945,9,4944.0,22.0,,,4950,1,4951.0,21.0,,,4947.5
1225,-1,61200,PEARLS,9998,9,9996.0,1.0,9995.0,21.0,10000,2,10004.0,1.0,10005.0,21.0,9999.0
1226,-1,61300,PEARLS,9996,1,9995.0,22.0,,,10004,1,10005.0,22.0,,,10000.0
1227,-1,61300,BANANAS,4944,23,,,,,4950,23,,,,,4947.0
1228,-1,61400,PEARLS,9996,1,9995.0,30.0,,,10004,1,10005.0,30.0,,,10000.0
1229,-1,61400,BANANAS,4944,31,,,,,4945,11,4951.0,31.0,,,4944.5
1230,-1,61500,PEARLS,9996,2,9995.0,27.0,,,10004,2,10005.0,27.0,,,10000.0
1231,-1,61500,BANANAS,4945,29,,,,,4952,29,,,,,4948.5
1232,-1,61600,BANANAS,4945,30,,,,,4952,30,,,,,4948.5
1233,-1,61600,PEARLS,9996,2,9995.0,28.0,,,10004,2,10005.0,28.0,,,10000.0
1234,-1,61700,PEARLS,9996,1,9995.0,26.0,,,10004,1,10005.0,26.0,,,10000.0
1235,-1,61700,BANANAS,4945,26,,,,,4951,1,4952.0,26.0,,,4948.0
1236,-1,61800,PEARLS,9995,20,,,,,10005,20,,,,,10000.0
1237,-1,61800,BANANAS,4944,20,,,,,4951,20,,,,,4947.5
1238,-1,61900,PEARLS,9995,26,,,,,9998,1,10005.0,26.0,,,9996.5
1239,-1,61900,BANANAS,4944,26,,,,,4951,26,,,,,4947.5
1240,-1,62000,BANANAS,4949,1,4944.0,20.0,,,4951,20,,,,,4950.0
1241,-1,62000,PEARLS,9995,20,,,,,10005,20,,,,,10000.0
1242,-1,62100,PEARLS,9996,2,9995.0,23.0,,,10004,2,10005.0,23.0,,,10000.0
1243,-1,62100,BANANAS,4944,25,,,,,4950,2,4951.0,23.0,,,4947.0
1244,-1,62200,PEARLS,9995,25,,,,,10002,3,10005.0,25.0,,,9998.5
1245,-1,62200,BANANAS,4943,25,,,,,4948,7,4950.0,25.0,,,4945.5
1246,-1,62300,PEARLS,9995,22,,,,,10005,22,,,,,10000.0
1247,-1,62300,BANANAS,4944,22,,,,,4951,22,,,,,4947.5
1248,-1,62400,BANANAS,4944,25,,,,,4950,2,4951.0,23.0,,,4947.0
1249,-1,62400,PEARLS,9996,2,9995.0,23.0,,,10004,2,10005.0,23.0,,,10000.0
1250,-1,62500,PEARLS,9996,1,9995.0,23.0,,,10004,1,10005.0,23.0,,,10000.0
1251,-1,62500,BANANAS,4944,24,,,,,4950,1,4951.0,23.0,,,4947.0
1252,-1,62600,PEARLS,9995,29,,,,,10005,29,,,,,10000.0
1253,-1,62600,BANANAS,4943,29,,,,,4950,29,,,,,4946.5
1254,-1,62700,PEARLS,9996,2,9995.0,24.0,,,10004,2,10005.0,24.0,,,10000.0
1255,-1,62700,BANANAS,4944,26,,,,,4950,2,4951.0,24.0,,,4947.0
1256,-1,62800,BANANAS,4943,26,,,,,4944,1,4950.0,26.0,,,4943.5
1257,-1,62800,PEARLS,9995,26,,,,,10005,26,,,,,10000.0
1258,-1,62900,PEARLS,9996,2,9995.0,27.0,,,9998,4,10004.0,2.0,10005.0,27.0,9997.0
1259,-1,62900,BANANAS,4943,29,,,,,4950,29,,,,,4946.5
1260,-1,63000,PEARLS,9995,29,,,,,10005,29,,,,,10000.0
1261,-1,63000,BANANAS,4948,1,4943.0,29.0,,,4950,29,,,,,4949.0
1262,-1,63100,BANANAS,4943,25,,,,,4950,26,,,,,4946.5
1263,-1,63100,PEARLS,9996,2,9995.0,24.0,,,10004,2,10005.0,24.0,,,10000.0
1264,-1,63200,BANANAS,4943,28,,,,,4950,28,,,,,4946.5
1265,-1,63200,PEARLS,9995,28,,,,,10005,28,,,,,10000.0
1266,-1,63300,BANANAS,4943,32,,,,,4950,32,,,,,4946.5
1267,-1,63300,PEARLS,9996,2,9995.0,30.0,,,10004,2,10005.0,30.0,,,10000.0
1268,-1,63400,PEARLS,9996,2,9995.0,24.0,,,10004,2,10005.0,24.0,,,10000.0
1269,-1,63400,BANANAS,4943,26,,,,,4950,26,,,,,4946.5
1270,-1,63500,PEARLS,9998,8,9995.0,20.0,,,10005,20,,,,,10001.5
1271,-1,63500,BANANAS,4944,8,4943.0,20.0,,,4950,20,,,,,4947.0
1272,-1,63600,BANANAS,4948,1,4943.0,21.0,,,4950,21,,,,,4949.0
1273,-1,63600,PEARLS,9995,21,,,,,10005,21,,,,,10000.0
1274,-1,63700,PEARLS,9996,2,9995.0,28.0,,,10002,6,10004.0,2.0,10005.0,28.0,9999.0
1275,-1,63700,BANANAS,4943,30,,,,,4948,6,4949.0,2.0,4950.0,28.0,4945.5
1276,-1,63800,PEARLS,9996,1,9995.0,21.0,,,10004,1,10005.0,21.0,,,10000.0
1277,-1,63800,BANANAS,4942,21,,,,,4949,22,,,,,4945.5
1278,-1,63900,PEARLS,9995,21,,,,,10005,21,,,,,10000.0
1279,-1,63900,BANANAS,4942,21,,,,,4949,21,,,,,4945.5
1280,-1,64000,BANANAS,4943,6,4942.0,30.0,,,4949,30,,,,,4946.0
1281,-1,64000,PEARLS,9998,6,9995.0,30.0,,,10005,30,,,,,10001.5
1282,-1,64100,PEARLS,9995,27,,,,,10002,6,10005.0,27.0,,,9998.5
1283,-1,64100,BANANAS,4941,27,,,,,4946,6,4948.0,27.0,,,4943.5
1284,-1,64200,PEARLS,9996,1,9995.0,24.0,,,10004,1,10005.0,24.0,,,10000.0
1285,-1,64200,BANANAS,4941,25,,,,,4948,25,,,,,4944.5
1286,-1,64300,PEARLS,9998,7,9996.0,1.0,9995.0,22.0,10004,1,10005.0,22.0,,,10001.0
1287,-1,64300,BANANAS,4945,5,4942.0,7.0,4941.0,23.0,4947,1,4948.0,22.0,,,4946.0
1288,-1,64400,BANANAS,4941,10,4940.0,27.0,,,4947,29,,,,,4944.0
1289,-1,64400,PEARLS,9998,8,9996.0,2.0,9995.0,27.0,10004,2,10005.0,27.0,,,10001.0
1290,-1,64500,PEARLS,9998,5,9996.0,2.0,9995.0,27.0,10004,2,10005.0,27.0,,,10001.0
1291,-1,64500,BANANAS,4942,6,4941.0,29.0,,,4947,2,4948.0,27.0,,,4944.5
1292,-1,64600,PEARLS,9995,26,,,,,10005,26,,,,,10000.0
1293,-1,64600,BANANAS,4941,26,,,,,4948,26,,,,,4944.5
1294,-1,64700,BANANAS,4941,28,,,,,4948,28,,,,,4944.5
1295,-1,64700,PEARLS,9995,28,,,,,10005,28,,,,,10000.0
1296,-1,64800,BANANAS,4941,2,4940.0,30.0,,,4947,32,,,,,4944.0
1297,-1,64800,PEARLS,9996,2,9995.0,30.0,,,10004,2,10005.0,30.0,,,10000.0
1298,-1,64900,BANANAS,4940,31,,,,,4947,31,,,,,4943.5
1299,-1,64900,PEARLS,9996,2,9995.0,29.0,,,10004,2,10005.0,29.0,,,10000.0
1300,-1,65000,PEARLS,9995,25,,,,,9998,1,10005.0,25.0,,,9996.5
1301,-1,65000,BANANAS,4941,25,,,,,4948,25,,,,,4944.5
1302,-1,65100,BANANAS,4941,25,,,,,4947,25,,,,,4944.0
1303,-1,65100,PEARLS,9996,2,9995.0,23.0,,,10004,2,10005.0,23.0,,,10000.0
1304,-1,65200,BANANAS,4945,1,4941.0,8.0,4940.0,29.0,4947,29,,,,,4946.0
1305,-1,65200,PEARLS,9998,8,9995.0,29.0,,,10005,29,,,,,10001.5
1306,-1,65300,BANANAS,4940,21,,,,,4945,3,4947.0,21.0,,,4942.5
1307,-1,65300,PEARLS,9995,21,,,,,10002,3,10005.0,21.0,,,9998.5
1308,-1,65400,PEARLS,9996,2,9995.0,26.0,,,10000,3,10004.0,2.0,10005.0,26.0,9998.0
1309,-1,65400,BANANAS,4945,2,4940.0,28.0,,,4947,28,,,,,4946.0
1310,-1,65500,BANANAS,4941,2,4940.0,27.0,,,4947,29,,,,,4944.0
1311,-1,65500,PEARLS,9996,2,9995.0,27.0,,,10004,2,10005.0,27.0,,,10000.0
1312,-1,65600,BANANAS,4941,5,4940.0,20.0,,,4947,20,,,,,4944.0
1313,-1,65600,PEARLS,9998,5,9995.0,20.0,,,10005,20,,,,,10001.5
1314,-1,65700,BANANAS,4940,29,,,,,4947,29,,,,,4943.5
1315,-1,65700,PEARLS,9995,29,,,,,10005,29,,,,,10000.0
1316,-1,65800,PEARLS,9998,9,9995.0,20.0,,,10005,20,,,,,10001.5
1317,-1,65800,BANANAS,4941,9,4940.0,20.0,,,4947,20,,,,,4944.0
1318,-1,65900,BANANAS,4940,24,,,,,4946,1,4947.0,23.0,,,4943.0
1319,-1,65900,PEARLS,9996,1,9995.0,23.0,,,10004,1,10005.0,23.0,,,10000.0
1320,-1,66000,BANANAS,4941,7,4940.0,22.0,,,4947,24,,,,,4944.0
1321,-1,66000,PEARLS,9998,4,9996.0,2.0,9995.0,22.0,10004,2,10005.0,22.0,,,10001.0
1322,-1,66100,BANANAS,4940,27,,,,,4947,27,,,,,4943.5
1323,-1,66100,PEARLS,9996,1,9995.0,26.0,,,9998,1,10004.0,1.0,10005.0,26.0,9997.0
1324,-1,66200,PEARLS,10002,1,10000.0,5.0,9995.0,20.0,10005,20,,,,,10003.5
1325,-1,66200,BANANAS,4940,20,,,,,4947,20,,,,,4943.5
1326,-1,66300,BANANAS,4946,1,4941.0,1.0,4940.0,24.0,4947,25,,,,,4946.5
1327,-1,66300,PEARLS,9996,1,9995.0,24.0,,,10004,1,10005.0,24.0,,,10000.0
1328,-1,66400,BANANAS,4940,21,,,,,4947,21,,,,,4943.5
1329,-1,66400,PEARLS,9995,21,,,,,9998,3,10005.0,21.0,,,9996.5
1330,-1,66500,BANANAS,4940,22,,,,,4947,22,,,,,4943.5
1331,-1,66500,PEARLS,9996,2,9995.0,20.0,,,10004,2,10005.0,20.0,,,10000.0
1332,-1,66600,PEARLS,9995,22,,,,,10005,22,,,,,10000.0
1333,-1,66600,BANANAS,4939,22,,,,,4946,22,,,,,4942.5
1334,-1,66700,BANANAS,4940,9,4939.0,27.0,,,4946,27,,,,,4943.0
1335,-1,66700,PEARLS,9998,9,9995.0,27.0,,,10005,27,,,,,10001.5
1336,-1,66800,BANANAS,4939,30,,,,,4946,30,,,,,4942.5
1337,-1,66800,PEARLS,9995,30,,,,,10005,30,,,,,10000.0
1338,-1,66900,BANANAS,4944,1,4943.0,11.0,4939.0,4.0,4945,23,,,,,4944.5
1339,-1,66900,PEARLS,9998,4,9995.0,23.0,,,10005,23,,,,,10001.5
1340,-1,67000,PEARLS,9996,1,9995.0,24.0,,,10004,1,10005.0,24.0,,,10000.0
1341,-1,67000,BANANAS,4938,25,,,,,4941,6,4944.0,1.0,4945.0,24.0,4939.5
1342,-1,67100,BANANAS,4938,23,,,,,4945,23,,,,,4941.5
1343,-1,67100,PEARLS,9995,23,,,,,10005,23,,,,,10000.0
1344,-1,67200,BANANAS,4937,21,,,,,4942,3,4943.0,22.0,,,4939.5
1345,-1,67200,PEARLS,9996,2,9995.0,20.0,,,10002,3,10004.0,2.0,10005.0,20.0,9999.0
1346,-1,67300,BANANAS,4938,5,4937.0,30.0,,,4944,30,,,,,4941.0
1347,-1,67300,PEARLS,9995,30,,,,,9998,3,10005.0,30.0,,,9996.5
1348,-1,67400,PEARLS,9998,4,9996.0,1.0,9995.0,25.0,10004,1,10005.0,25.0,,,10001.0
1349,-1,67400,BANANAS,4937,5,4936.0,25.0,,,4943,26,,,,,4940.0
1350,-1,67500,PEARLS,9995,21,,,,,10005,21,,,,,10000.0
1351,-1,67500,BANANAS,4937,21,,,,,4938,1,4944.0,21.0,,,4937.5
1352,-1,67600,BANANAS,4937,27,,,,,4944,27,,,,,4940.5
1353,-1,67600,PEARLS,9996,2,9995.0,25.0,,,10004,2,10005.0,25.0,,,10000.0
1354,-1,67700,BANANAS,4937,30,,,,,4944,30,,,,,4940.5
1355,-1,67700,PEARLS,9996,1,9995.0,29.0,,,10004,1,10005.0,29.0,,,10000.0
1356,-1,67800,BANANAS,4939,3,4938.0,30.0,,,4945,30,,,,,4942.0
1357,-1,67800,PEARLS,9998,3,9995.0,30.0,,,10005,30,,,,,10001.5
1358,-1,67900,PEARLS,9995,25,,,,,10005,25,,,,,10000.0
1359,-1,67900,BANANAS,4938,25,,,,,4939,5,4944.0,25.0,,,4938.5
1360,-1,68000,PEARLS,9996,2,9995.0,21.0,,,10004,2,10005.0,21.0,,,10000.0
1361,-1,68000,BANANAS,4938,23,,,,,4945,23,,,,,4941.5
1362,-1,68100,BANANAS,4938,4,4937.0,29.0,,,4944,31,,,,,4941.0
1363,-1,68100,PEARLS,9996,2,9995.0,29.0,,,10004,2,10005.0,29.0,,,10000.0
1364,-1,68200,PEARLS,9996,2,9995.0,29.0,,,10004,2,10005.0,29.0,,,10000.0
1365,-1,68200,BANANAS,4943,1,4938.0,31.0,,,4944,2,4945.0,29.0,,,4943.5
1366,-1,68300,PEARLS,9996,1,9995.0,28.0,,,10004,1,10005.0,28.0,,,10000.0
1367,-1,68300,BANANAS,4943,1,4937.0,29.0,,,4944,29,,,,,4943.5
1368,-1,68400,PEARLS,9996,2,9995.0,26.0,,,10004,2,10005.0,26.0,,,10000.0
1369,-1,68400,BANANAS,4938,2,4937.0,26.0,,,4944,28,,,,,4941.0
1370,-1,68500,BANANAS,4938,23,,,,,4943,5,4945.0,23.0,,,4940.5
1371,-1,68500,PEARLS,9995,23,,,,,10002,5,10005.0,23.0,,,9998.5
1372,-1,68600,PEARLS,9996,1,9995.0,24.0,,,10004,1,10005.0,24.0,,,10000.0
1373,-1,68600,BANANAS,4938,24,,,,,4945,25,,,,,4941.5
1374,-1,68700,PEARLS,9996,1,9995.0,27.0,,,10004,1,10005.0,27.0,,,10000.0
1375,-1,68700,BANANAS,4938,28,,,,,4944,1,4945.0,27.0,,,4941.0
1376,-1,68800,PEARLS,9995,22,,,,,9998,1,10005.0,22.0,,,9996.5
1377,-1,68800,BANANAS,4938,22,,,,,4945,22,,,,,4941.5
1378,-1,68900,BANANAS,4943,1,4938.0,28.0,,,4944,28,,,,,4943.5
1379,-1,68900,PEARLS,9996,1,9995.0,27.0,,,10004,1,10005.0,27.0,,,10000.0
1380,-1,69000,BANANAS,4938,30,,,,,4944,2,4945.0,28.0,,,4941.0
1381,-1,69000,PEARLS,9996,2,9995.0,28.0,,,10004,2,10005.0,28.0,,,10000.0
1382,-1,69100,PEARLS,9998,9,9996.0,1.0,9995.0,30.0,10004,1,10005.0,30.0,,,10001.0
1383,-1,69100,BANANAS,4939,8,4938.0,31.0,,,4944,1,4945.0,30.0,,,4941.5
1384,-1,69200,PEARLS,9996,2,9995.0,28.0,,,10004,2,10005.0,28.0,,,10000.0
1385,-1,69200,BANANAS,4943,1,4938.0,30.0,,,4945,30,,,,,4944.0
1386,-1,69300,PEARLS,9995,21,,,,,9998,1,10005.0,21.0,,,9996.5
1387,-1,69300,BANANAS,4944,1,4938.0,21.0,,,4945,21,,,,,4944.5
1388,-1,69400,BANANAS,4939,3,4938.0,25.0,,,4945,26,,,,,4942.0
1389,-1,69400,PEARLS,10002,1,9998.0,2.0,9996.0,1.0,10004,1,10005.0,25.0,,,10003.0
1390,-1,69500,PEARLS,9998,1,9996.0,2.0,9995.0,24.0,10004,2,10005.0,24.0,,,10001.0
1391,-1,69500,BANANAS,4939,1,4938.0,26.0,,,4945,26,,,,,4942.0
1392,-1,69600,PEARLS,9995,23,,,,,10005,23,,,,,10000.0
1393,-1,69600,BANANAS,4938,22,,,,,4945,23,,,,,4941.5
1394,-1,69700,PEARLS,10002,1,9996.0,1.0,9995.0,20.0,10004,1,10005.0,20.0,,,10003.0
1395,-1,69700,BANANAS,4938,1,4937.0,20.0,,,4944,21,,,,,4941.0
1396,-1,69800,BANANAS,4938,1,4937.0,23.0,,,4944,24,,,,,4941.0
1397,-1,69800,PEARLS,9996,1,9995.0,23.0,,,10004,1,10005.0,23.0,,,10000.0
1398,-1,69900,PEARLS,9996,2,9995.0,27.0,,,10004,2,10005.0,27.0,,,10000.0
1399,-1,69900,BANANAS,4937,29,,,,,4944,29,,,,,4940.5
1400,-1,70000,PEARLS,9996,2,9995.0,27.0,,,10004,2,10005.0,27.0,,,10000.0
1401,-1,70000,BANANAS,4937,29,,,,,4944,29,,,,,4940.5
1402,-1,70100,PEARLS,9996,2,9995.0,22.0,,,10004,2,10005.0,22.0,,,10000.0
1403,-1,70100,BANANAS,4937,23,,,,,4943,2,4944.0,22.0,,,4940.0
1404,-1,70200,BANANAS,4937,1,4936.0,21.0,,,4943,22,,,,,4940.0
1405,-1,70200,PEARLS,9996,1,9995.0,21.0,,,10004,1,10005.0,21.0,,,10000.0
1406,-1,70300,PEARLS,9996,1,9995.0,25.0,,,9998,2,10004.0,1.0,10005.0,25.0,9997.0
1407,-1,70300,BANANAS,4937,2,4936.0,26.0,,,4942,26,,,,,4939.5
1408,-1,70400,PEARLS,9995,26,,,,,10005,26,,,,,10000.0
1409,-1,70400,BANANAS,4935,26,,,,,4942,26,,,,,4938.5
1410,-1,70500,PEARLS,9995,23,,,,,10000,3,10005.0,23.0,,,9997.5
1411,-1,70500,BANANAS,4936,23,,,,,4943,23,,,,,4939.5
1412,-1,70600,BANANAS,4936,1,4935.0,27.0,,,4942,28,,,,,4939.0
1413,-1,70600,PEARLS,9996,1,9995.0,27.0,,,10004,1,10005.0,27.0,,,10000.0
1414,-1,70700,PEARLS,9995,26,,,,,10005,26,,,,,10000.0
1415,-1,70700,BANANAS,4935,26,,,,,4942,26,,,,,4938.5
1416,-1,70800,PEARLS,10002,1,9995.0,27.0,,,10005,27,,,,,10003.5
1417,-1,70800,BANANAS,4935,26,,,,,4942,27,,,,,4938.5
1418,-1,70900,PEARLS,9996,2,9995.0,30.0,,,10004,2,10005.0,30.0,,,10000.0
1419,-1,70900,BANANAS,4935,2,4934.0,30.0,,,4941,32,,,,,4938.0
1420,-1,71000,BANANAS,4935,1,4934.0,29.0,,,4939,5,4941.0,30.0,,,4937.0
1421,-1,71000,PEARLS,9996,1,9995.0,29.0,,,10002,5,10004.0,1.0,10005.0,29.0,9999.0
1422,-1,71100,PEARLS,9998,9,9996.0,1.0,9995.0,21.0,10004,1,10005.0,21.0,,,10001.0
1423,-1,71100,BANANAS,4935,9,4934.0,22.0,,,4941,22,,,,,4938.0
1424,-1,71200,PEARLS,10002,1,9996.0,1.0,9995.0,28.0,10004,1,10005.0,28.0,,,10003.0
1425,-1,71200,BANANAS,4934,28,,,,,4941,29,,,,,4937.5
1426,-1,71300,PEARLS,9996,2,9995.0,26.0,,,10002,4,10004.0,2.0,10005.0,26.0,9999.0
1427,-1,71300,BANANAS,4935,28,,,,,4940,4,4942.0,28.0,,,4937.5
1428,-1,71400,BANANAS,4935,2,4934.0,24.0,,,4939,3,4941.0,26.0,,,4937.0
1429,-1,71400,PEARLS,9996,2,9995.0,24.0,,,10002,3,10004.0,2.0,10005.0,24.0,9999.0
1430,-1,71500,PEARLS,10002,1,9996.0,2.0,9995.0,26.0,10004,2,10005.0,26.0,,,10003.0
1431,-1,71500,BANANAS,4936,28,,,,,4941,3,4942.0,2.0,4943.0,26.0,4938.5
1432,-1,71600,PEARLS,9996,1,9995.0,27.0,,,9998,3,10004.0,1.0,10005.0,27.0,9997.0
1433,-1,71600,BANANAS,4936,28,,,,,4943,28,,,,,4939.5
1434,-1,71700,PEARLS,9996,2,9995.0,29.0,,,10004,2,10005.0,29.0,,,10000.0
1435,-1,71700,BANANAS,4936,31,,,,,4943,31,,,,,4939.5
1436,-1,71800,BANANAS,4937,2,4936.0,25.0,,,4943,27,,,,,4940.0
1437,-1,71800,PEARLS,10002,1,9996.0,2.0,9995.0,25.0,10004,2,10005.0,25.0,,,10003.0
1438,-1,71900,PEARLS,10002,1,9996.0,1.0,9995.0,25.0,10004,1,10005.0,25.0,,,10003.0
1439,-1,71900,BANANAS,4937,1,4936.0,25.0,,,4943,26,,,,,4940.0
1440,-1,72000,PEARLS,9996,1,9995.0,20.0,,,10004,1,10005.0,20.0,,,10000.0
1441,-1,72000,BANANAS,4942,1,4937.0,21.0,,,4944,21,,,,,4943.0
1442,-1,72100,BANANAS,4937,21,,,,,4940,1,4943.0,21.0,,,4938.5
1443,-1,72100,PEARLS,9995,21,,,,,10005,21,,,,,10000.0
1444,-1,72200,BANANAS,4936,31,,,,,4943,31,,,,,4939.5
1445,-1,72200,PEARLS,9996,2,9995.0,29.0,,,10004,2,10005.0,29.0,,,10000.0
1446,-1,72300,BANANAS,4936,23,,,,,4940,8,4942.0,23.0,,,4938.0
1447,-1,72300,PEARLS,9996,1,9995.0,22.0,,,10002,8,10004.0,1.0,10005.0,22.0,9999.0
1448,-1,72400,PEARLS,10002,1,9996.0,2.0,9995.0,20.0,10004,2,10005.0,20.0,,,10003.0
1449,-1,72400,BANANAS,4936,2,4935.0,20.0,,,4942,22,,,,,4939.0
1450,-1,72500,PEARLS,9996,2,9995.0,25.0,,,10004,2,10005.0,25.0,,,10000.0
1451,-1,72500,BANANAS,4936,27,,,,,4942,27,,,,,4939.0
1452,-1,72600,BANANAS,4936,2,4935.0,27.0,,,4942,29,,,,,4939.0
1453,-1,72600,PEARLS,9996,2,9995.0,27.0,,,10004,2,10005.0,27.0,,,10000.0
1454,-1,72700,PEARLS,9995,23,,,,,10005,23,,,,,10000.0
1455,-1,72700,BANANAS,4936,23,,,,,4943,23,,,,,4939.5
1456,-1,72800,PEARLS,9995,20,,,,,10005,20,,,,,10000.0
1457,-1,72800,BANANAS,4936,20,,,,,4943,20,,,,,4939.5
1458,-1,72900,PEARLS,9998,1,9996.0,2.0,9995.0,22.0,10004,2,10005.0,22.0,,,10001.0
1459,-1,72900,BANANAS,4937,3,4936.0,22.0,,,4943,24,,,,,4940.0
1460,-1,73000,BANANAS,4937,21,,,,,4942,8,4943.0,1.0,4944.0,21.0,4939.5
1461,-1,73000,PEARLS,9996,1,9995.0,21.0,,,10002,7,10004.0,1.0,10005.0,21.0,9999.0
1462,-1,73100,PEARLS,9996,2,9995.0,29.0,,,10002,3,10004.0,2.0,10005.0,29.0,9999.0
1463,-1,73100,BANANAS,4937,31,,,,,4942,4,4943.0,2.0,4944.0,29.0,4939.5
1464,-1,73200,PEARLS,9995,21,,,,,10005,21,,,,,10000.0
1465,-1,73200,BANANAS,4937,21,,,,,4944,21,,,,,4940.5
1466,-1,73300,PEARLS,9996,1,9995.0,29.0,,,10004,1,10005.0,29.0,,,10000.0
1467,-1,73300,BANANAS,4940,5,4937.0,30.0,,,4944,30,,,,,4942.0
1468,-1,73400,BANANAS,4938,30,,,,,4945,30,,,,,4941.5
1469,-1,73400,PEARLS,9995,30,,,,,9998,1,10005.0,30.0,,,9996.5
1470,-1,73500,BANANAS,4942,5,4938.0,25.0,,,4945,25,,,,,4943.5
1471,-1,73500,PEARLS,9996,2,9995.0,23.0,,,10004,2,10005.0,23.0,,,10000.0
1472,-1,73600,PEARLS,9996,1,9995.0,24.0,,,10004,1,10005.0,24.0,,,10000.0
1473,-1,73600,BANANAS,4938,1,4937.0,24.0,,,4944,25,,,,,4941.0
1474,-1,73700,BANANAS,4937,24,,,,,4944,24,,,,,4940.5
1475,-1,73700,PEARLS,9995,24,,,,,10005,24,,,,,10000.0
1476,-1,73800,BANANAS,4937,24,,,,,4944,24,,,,,4940.5
1477,-1,73800,PEARLS,9995,24,,,,,10005,24,,,,,10000.0
1478,-1,73900,BANANAS,4938,30,,,,,4945,30,,,,,4941.5
1479,-1,73900,PEARLS,9995,30,,,,,10005,30,,,,,10000.0
1480,-1,74000,PEARLS,10002,1,9998.0,10.0,9996.0,2.0,10004,2,10005.0,24.0,,,10003.0
1481,-1,74000,BANANAS,4939,10,4938.0,26.0,,,4944,2,4945.0,24.0,,,4941.5
1482,-1,74100,BANANAS,4938,32,,,,,4944,2,4945.0,30.0,,,4941.0
1483,-1,74100,PEARLS,10000,6,9996.0,2.0,9995.0,30.0,10004,2,10005.0,30.0,,,10002.0
1484,-1,74200,BANANAS,4938,22,,,,,4943,6,4944.0,2.0,4945.0,20.0,4940.5
1485,-1,74200,PEARLS,9996,2,9995.0,20.0,,,10002,6,10004.0,2.0,10005.0,20.0,9999.0
1486,-1,74300,BANANAS,4938,31,,,,,4942,6,4944.0,32.0,,,4940.0
1487,-1,74300,PEARLS,9996,2,9995.0,30.0,,,10002,6,10004.0,2.0,10005.0,30.0,9999.0
1488,-1,74400,PEARLS,9995,30,,,,,10005,30,,,,,10000.0
1489,-1,74400,BANANAS,4938,30,,,,,4945,30,,,,,4941.5
1490,-1,74500,BANANAS,4938,29,,,,,4945,29,,,,,4941.5
1491,-1,74500,PEARLS,10000,3,9995.0,29.0,,,10005,29,,,,,10002.5
1492,-1,74600,BANANAS,4939,7,4938.0,29.0,,,4944,29,,,,,4941.5
1493,-1,74600,PEARLS,10002,1,9998.0,7.0,9995.0,29.0,10005,29,,,,,10003.5
1494,-1,74700,BANANAS,4938,2,4937.0,30.0,,,4944,32,,,,,4941.0
1495,-1,74700,PEARLS,9996,2,9995.0,30.0,,,10004,2,10005.0,30.0,,,10000.0
1496,-1,74800,PEARLS,9998,9,9996.0,1.0,9995.0,25.0,10004,1,10005.0,25.0,,,10001.0
1497,-1,74800,BANANAS,4938,10,4937.0,25.0,,,4944,26,,,,,4941.0
1498,-1,74900,BANANAS,4937,31,,,,,4938,10,4943.0,1.0,4944.0,30.0,4937.5
1499,-1,74900,PEARLS,10002,1,9996.0,1.0,9995.0,30.0,10004,1,10005.0,30.0,,,10003.0
1500,-1,75000,BANANAS,4942,1,4936.0,27.0,,,4943,27,,,,,4942.5
1501,-1,75000,PEARLS,9995,27,,,,,9998,1,10005.0,27.0,,,9996.5
1502,-1,75100,BANANAS,4936,30,,,,,4943,30,,,,,4939.5
1503,-1,75100,PEARLS,9995,30,,,,,10005,30,,,,,10000.0
1504,-1,75200,PEARLS,9998,2,9996.0,2.0,9995.0,24.0,10004,2,10005.0,24.0,,,10001.0
1505,-1,75200,BANANAS,4938,2,4937.0,26.0,,,4943,26,,,,,4940.5
1506,-1,75300,BANANAS,4937,1,4936.0,28.0,,,4938,3,4943.0,29.0,,,4937.5
1507,-1,75300,PEARLS,9996,1,9995.0,28.0,,,10004,1,10005.0,28.0,,,10000.0
1508,-1,75400,BANANAS,4940,4,4937.0,31.0,,,4943,1,4944.0,30.0,,,4941.5
1509,-1,75400,PEARLS,9996,1,9995.0,30.0,,,10004,1,10005.0,30.0,,,10000.0
1510,-1,75500,BANANAS,4937,2,4936.0,28.0,,,4943,30,,,,,4940.0
1511,-1,75500,PEARLS,9996,2,9995.0,28.0,,,10004,2,10005.0,28.0,,,10000.0
1512,-1,75600,PEARLS,10002,1,9996.0,2.0,9995.0,26.0,10004,2,10005.0,26.0,,,10003.0
1513,-1,75600,BANANAS,4937,28,,,,,4943,28,,,,,4940.0
1514,-1,75700,BANANAS,4937,27,,,,,4943,27,,,,,4940.0
1515,-1,75700,PEARLS,9996,1,9995.0,26.0,,,10004,1,10005.0,26.0,,,10000.0
1516,-1,75800,BANANAS,4937,5,4936.0,30.0,,,4942,1,4943.0,29.0,,,4939.5
1517,-1,75800,PEARLS,9998,5,9996.0,1.0,9995.0,29.0,10004,1,10005.0,29.0,,,10001.0
1518,-1,75900,BANANAS,4936,21,,,,,4941,8,4943.0,21.0,,,4938.5
1519,-1,75900,PEARLS,9995,21,,,,,10002,8,10005.0,21.0,,,9998.5
1520,-1,76000,PEARLS,9998,2,9996.0,2.0,9995.0,30.0,10004,2,10005.0,30.0,,,10001.0
1521,-1,76000,BANANAS,4937,2,4936.0,32.0,,,4943,32,,,,,4940.0
1522,-1,76100,BANANAS,4936,21,,,,,4943,21,,,,,4939.5
1523,-1,76100,PEARLS,9996,1,9995.0,20.0,,,9998,1,10004.0,1.0,10005.0,20.0,9997.0
1524,-1,76200,BANANAS,4937,1,4936.0,21.0,,,4943,22,,,,,4940.0
1525,-1,76200,PEARLS,9996,1,9995.0,21.0,,,10004,1,10005.0,21.0,,,10000.0
1526,-1,76300,BANANAS,4936,27,,,,,4943,27,,,,,4939.5
1527,-1,76300,PEARLS,9995,27,,,,,10005,27,,,,,10000.0
1528,-1,76400,BANANAS,4936,4,4935.0,28.0,,,4942,28,,,,,4939.0
1529,-1,76400,PEARLS,9998,4,9995.0,28.0,,,10005,28,,,,,10001.5
1530,-1,76500,PEARLS,9996,1,9995.0,27.0,,,10004,1,10005.0,27.0,,,10000.0
1531,-1,76500,BANANAS,4935,28,,,,,4941,1,4942.0,27.0,,,4938.0
1532,-1,76600,BANANAS,4934,30,,,,,4941,30,,,,,4937.5
1533,-1,76600,PEARLS,9996,2,9995.0,28.0,,,10004,2,10005.0,28.0,,,10000.0
1534,-1,76700,BANANAS,4935,26,,,,,4941,1,4942.0,25.0,,,4938.0
1535,-1,76700,PEARLS,9996,1,9995.0,25.0,,,10004,1,10005.0,25.0,,,10000.0
1536,-1,76800,PEARLS,9995,25,,,,,10005,25,,,,,10000.0
1537,-1,76800,BANANAS,4935,25,,,,,4942,25,,,,,4938.5
1538,-1,76900,PEARLS,9998,5,9995.0,24.0,,,10005,24,,,,,10001.5
1539,-1,76900,BANANAS,4936,5,4935.0,24.0,,,4942,24,,,,,4939.0
1540,-1,77000,PEARLS,9996,1,9995.0,26.0,,,10002,4,10004.0,1.0,10005.0,26.0,9999.0
1541,-1,77000,BANANAS,4935,27,,,,,4940,4,4941.0,1.0,4942.0,26.0,4937.5
1542,-1,77100,BANANAS,4936,9,4935.0,30.0,,,4942,30,,,,,4939.0
1543,-1,77100,PEARLS,10000,3,9998.0,9.0,9996.0,1.0,10004,1,10005.0,29.0,,,10002.0
1544,-1,77200,PEARLS,9996,1,9995.0,27.0,,,10004,1,10005.0,27.0,,,10000.0
1545,-1,77200,BANANAS,4940,1,4935.0,1.0,4934.0,27.0,4941,28,,,,,4940.5
1546,-1,77300,PEARLS,9996,2,9995.0,22.0,,,10004,2,10005.0,22.0,,,10000.0
1547,-1,77300,BANANAS,4935,24,,,,,4941,2,4942.0,22.0,,,4938.0
